3156 5086
730 329 948 393 ..18-

173 523 353 591 νεικότατοι
385 525 491 590 eontra
521 524 683 591 meliorum
715 523 853 590 codicum
886 523 1114 605 auctoritatem)
1149 522 1271 601 854,1
1307 523 1448 612 (εἴρηται
1479 527 1507 589 δ’

33 670 36 675 ·
175 634 261 717 ὅμως
285 632 326 710 ως
349 631 382 710 ές
405 631 637 718 ἀκριβέστατον
661 635 759 721 φίλον
774 639 923 718 Καίσαρι,
948 629 993 697 St.
1010 628 1115 711 Msm.)
1139 630 1213 707 939,
1238 631 1257 692 2
1282 631 1337 712 (τὰ
1361 629 1509 717 φοβερά·

174 764 252 825 τερα
270 740 436 823 Ῥωμαίοις
459 738 646 805 καθελόντα
670 762 705 815 τε
729 737 812 828 ἔθνη
835 741 891 805 καλ
912 737 1122 827 κτησάμενον,
1147 737 1197 802 Di.
1221 736 1336 818 Mfm.).
1371 737 1506 813 99216

174 846 224 930 (τὸ
258 845 293 911 δὲ
326 844 556 934 ἄνιαρότερον,
587 844 692 930 Mla),
725 844 891 927 positivum
922 865 976 926 pro
1011 841 1197 927 superlativo
1231 843 1312 921 665,
1341 846 1382 906 20
1416 844 1507 928 (τούς

173 952 354 1030 νεωτάτους
379 955 492 1019 τεκαὶ
524 952 722 1036 εὐρώστους,
752 950 842 1035 10140.)
867 951 948 1026 672,
977 951 1015 1013 13
1040 948 1153 1034 (me.)
1178 950 1258 1026 833,
1285 954 1320 1026 7,
1346 951 1376 1014 8.
1409 950 1506 1027 1099,

174 1059 216 1122 26
241 1058 298 1137 (ita
321 1061 356 1123 ut
379 1059 426 1124 his
449 1058 589 1124 omnibus
619 1058 694 1123 loeis
725 1056 872 1141 positivus
902 1077 956 1140 per
985 1059 1040 1124 καὶ
1069 1056 1135 1120 arte
1168 1055 1348 1120 ooniunotus
1371 1056 1413 1122 sit
1436 1075 1508 1121 oum

173 1163 357 1248 superlativo
387 1163 531 1250 quodam)
563 1166 644 1242 668,
671 1165 711 1229 15
743 1164 856 1248 (αότός
887 1164 923 1231 δὲ
954 1163 1012 1252 τὴν
1040 1162 1211 1253 μεγάλην
1240 1162 1344 1252 α’ρχην
1374 1163 1507 1241 οὐδενὸς

80 1296 83 1300 ·
174 1272 383 1356 ἐνοχλοῦντος
407 1272 491 1339 ἐνόν
514 1272 673 1349 ἀπέθετο,
697 1271 796 1357 Mle),
820 1271 1041 1356 superlativum
1064 1289 1119 1352 pro
1134 1268 1265 1354 positivo
1282 1271 1356 1347 366,
1375 1270 1415 1335 15
1440 1273 1509 1347 (καὶ

173 1375 257 1470 ἦσαν
280 1381 312 1444 οἱ
332 1381 558 1465 μαχιμώτατοι
573 1386 698 1467 μυρίων
714 1382 769 1445 καὶ
784 1379 945 1462 δισχιλίων
963 1379 1107 1453 πλείους,
1130 1375 1203 1441 Mfo.
1223 1376 1360 1462 μάχιμοι
1375 1377 1507 1454 αὐτῶν),

173 1486 339 1570 positivum
363 1505 417 1568 pro
440 1486 645 1570 comparativo
668 1486 742 1562 230,
762 1485 780 1549 7
805 1484 976 1573 (καρτερόν
999 1483 1046 1550 ἔτι
1062 1495 1130 1561 τοῖς
1152 1486 1320 1568 πολεμίοις
1342 1483 1507 1562 ἐνέπεσον,

174 1593 235 1657 nisi
259 1592 376 1667 Sohu,
401 1593 575 1677 apographo
598 1593 700 1673 nisus,
725 1593 806 1656 reete
829 1591 958 1656 coniecit
980 1589 1221 1678 καρτερώτερον
1244 1590 1320 1674 ἔτι),
1348 1611 1507 1674 eompara-

173 1701 272 1764 tivum
290 1718 344 1782 pro
360 1698 490 1782 positivo
506 1699 581 1774 521,
601 1701 641 1763 15
666 1700 733 1785 (καὶ
754 1699 940 1776 τοπάζουσα
957 1699 1065 1764 πολλοὶ
1081 1698 1284 1781 ἀτοπώτερα,
1307 1697 1381 1762 Mse.
1398 1698 1508 1764 πολλοὶ

175 1811 229 1872 καὶ
252 1804 376 1889 ἄτοπα)
401 1806 475 1885 645,
493 1807 534 1870 22
558 1806 824 1894 (ἐπιφοβωτέρων
846 1825 900 1889 pro
924 1805 1106 1894 ε’πιφόβων)
1133 1805 1297 1883 1050,14.
1324 1804 1490 1882 1136,12.

280 1911 364 1992 Quae
388 1914 573 1994 permutatio
596 1933 635 1978 an
658 1913 699 1977 sit
721 1911 911 1996 perturbatio
939 1931 1048 1990 neone,
1079 1911 1199 1986 dubito;
1229 1912 1396 1977 maximam
1426 1912 1508 1977 oerte

174 2021 294 2103 partem
318 2038 334 2084 e
358 2019 552 2103 neglegentia
576 2019 710 2100 quadam
733 2018 888 2100 scriptoris
911 2017 988 2083 mihi
1018 2017 1224 2084 videturesse
1248 2019 1328 2095 orta;
1358 2018 1412 2083 sed
1435 2037 1509 2083 oum

172 2145 220 2191 res
244 2125 286 2190 sit
308 2125 433 2204 ineerta,
459 2125 534 2190 satis
557 2125 653 2190 habeo
676 2144 744 2190 enm
768 2125 922 2191 statuisse.

281 2231 324 2297 llo
347 2232 508 2297 certiorem
532 2234 634 2297 autem
659 2232 807 2296 habemus
830 2231 1083 2297 imitationem
1099 2231 1369 2313 Thucydideam
1393 2232 1507 2307 250‚3

174 2337 439 2426 (ἐπιφανέστατα
471 2339 508 2426 ὃν)
534 2348 597 2406 τῶν
626 2339 691 2426 πρό
717 2338 836 2423 αὐτοῦ)
867 2339 948 2416 856,
975 2338 1016 2402 13
1047 2339 1194 2422 (ἄριστον
1217 2337 1342 2421 ἀνδρῶν
1365 2348 1429 2404 τῶν
1452 2338 1507 2426 ἐφ’

174 2445 311 2528 ἑαυτοῦ)
334 2446 409 2522 317,
435 2446 474 2508 21
502 2446 657 2530 (μάλιστα
682 2456 745 2511 τῶν
768 2446 876 2513 ἄλλων
899 2445 1071 2533 ἐπιφανές)
1097 2443 1191 2519 1136,
1212 2443 1253 2507 14
1277 2444 1419 2529 (χειμῶνι
1444 2455 1509 2510 τῶν

173 2553 308 2619 πώποτε
330 2554 474 2638 μάλιστα
496 2549 734 2639 καινοτρόπῳ),
759 2551 797 2617 cf.
821 2551 896 2616 Kr.¹
919 2553 935 2616 I
960 2552 992 2631 1,
1019 2552 1034 2615 l
1064 2549 1229 2635 ,πόλεμον
1252 2551 1508 2636 ἀξιολογώτατον·

175 2669 238 2726 τῶν
260 2664 561 2749 προχεχενημένων“
581 2659 635 2724 Kr.
661 2657 886 2741 6472810.
933 2655 999 2736 Quo
1023 2657 1178 2736 accedunt,
1202 2657 1254 2739 qui
1274 2656 1407 2722 similem
1422 2658 1508 2741 eogi-

174 2766 260 2830 tandi
284 2765 512 2850 neglegentiam
534 2766 705 2847 praebeant,
728 2765 786 2829 loni
810 2764 863 2841 45,
882 2765 901 2828 9
926 2765 1079 2848 (μάλιστα
1103 2764 1356 2853 φοβερώτατον).
1384 2764 1457 2844 720,
1474 2766 1505 2833 8.

176 2872 250 2948 911,
278 2874 306 2948 7,
333 2876 362 2938 8.
388 2874 462 2952 817,
488 2873 538 2938 19.
563 2873 638 2948 210,
663 2873 706 2936 24
730 2871 835 2957 (Mle.)
860 2871 934 2950 612,
960 2872 1000 2934 21
1026 2869 1137 2956 (Nlo).
1164 2872 1238 2947 661,
1263 2874 1316 2936 22.
1341 2870 1437 2950 1188,
1464 2871 1506 2935 17

176 2978 228 3060 (cl.
253 2976 326 3043 Kr.¹
351 2979 412 3044 Vll
436 2981 498 3059 42,
522 2981 551 3045 5.
584 2980 640 3045 Κτ.
666 2979 684 3063 5
709 2980 767 3058 49,
795 2979 853 3059 10,
878 2980 909 3045 8.
939 2981 980 3045 Κ.
1005 2980 1038 3045 II
1061 2999 1090 3061 p.
1116 2979 1188 3057 26),
1218 2978 1272 3043 ubi
1301 2977 1507 3061 superlativus

174 3088 304 3168 augetur
335 3086 479 3152 vocabulo
507 3087 665 3171 μάλιστα,
697 3087 727 3150 et
755 3086 814 3150 loci
844 3085 926 3163 416,
952 3086 971 3148 6
1001 3086 1142 3169 (μᾶλλον
1167 3123 1207 3132 -
1231 3086 1506 3173 προθυμοτέραν)

176 3192 255 3271 725,
281 3195 309 3256 5.
342 3193 424 3268 856,
451 3193 502 3259 17.
532 3194 613 3272 860,
639 3195 675 3270 3,
707 3193 761 3257 ubi
791 3192 1016 3276 comparativus
1046 3192 1176 3275 augetur
1205 3191 1352 3257 vocabulo
1380 3193 1508 3275 μᾶλλον

175 3297 226 3379 (ol.
251 3299 306 3362 Kr.
332 3300 419 3382 649,
439 3301 467 3377 7,
485 3300 513 3364 5.
539 3300 628 3366 KH
651 3320 681 3382 p.
700 3300 765 3376 25).
799 3299 802 3305 ’

93 3409 95 3413 ’
281 3406 362 3470 Tum
386 3425 440 3488 pro
459 3406 666 3489 comparativo
688 3409 814 3491 μᾶλλον
837 3426 908 3471 oum
922 3405 1052 3491 positivo
1075 3404 1124 3486 (ol.
1142 3405 1197 3470 Kr.
1215 3406 1233 3488 8
1249 3405 1301 3484 49,
1319 3405 1348 3482 7,
1364 3405 1399 3488 4)
1422 3406 1508 3470 extat

175 3513 249 3587 682,
276 3514 294 3576 7
320 3511 380 3594 (ἔτι
402 3515 528 3597 μᾶλλον
551 3515 668 3579 πολλοὶ
691 3512 873 3595 συνέθεον).
908 3513 981 3592 704,
1003 3506 1026 3575 4
1049 3511 1101 3596 (oi.
1127 3512 1200 3587 816,
1230 3514 1298 3596 14),
1323 3532 1377 3596 pro
1401 3531 1506 3594 super-

173 3617 269 3682 lativo
298 3618 440 3704 μόλιοτα
471 3639 542 3685 oum
570 3619 700 3702 positivo
737 3619 817 3696 711,
843 3621 885 3683 23
921 3620 968 3704 (οἱ
994 3619 1135 3704 μάλιστα
1162 3616 1292 3709 ἐχθροί)
1328 3619 1427 3696 1136,
1453 3618 1505 3685 14.

176 3724 278 3802 1136,
303 3728 342 3789 21
378 3726 430 3809 (τό
454 3752 489 3793 τε
512 3728 624 3804 σκότος
654 3725 784 3815 ήνόχλει
814 3726 929 3804 νυκτός
951 3726 1094 3810 μάλιστα
1117 3725 1300 3816 μελαίνης),
1330 3725 1382 3807 qui
1412 3727 1507 3805 leone,

173 3851 361 3914 quamquam
391 3824 533 3917 μάλιστα
557 3833 727 3917 significare
754 3834 855 3916 potest
882 3833 1100 3916 ,praesertim“
1128 3833 1179 3918 (ol.
1206 3831 1301 3910 1172,
1326 3833 1398 3918 23),
1428 3831 1509 3895 mihi

172 3937 294 4003 videtur
317 3939 562 4023 interpretandus
585 3959 649 4005 esse
673 3960 733 4005 non
760 3940 877 4022 ,caligo
900 3941 1062 4020 turbabat,
1090 3940 1270 4023 praesertim
1295 3943 1362 4004 atra
1385 3940 1506 4016 noete“,

173 4046 226 4109 sed
254 4046 369 4130 ,caligo
385 4047 539 4123 turbabat,
565 4066 637 4111 oum
653 4067 711 4112 nor
726 4047 806 4112 esset
821 4046 983 4111 aterrima¹⁴
1010 4047 1161 4131 spectanti
1176 4048 1207 4112 et
1222 4047 1313 4111 verba
1328 4047 1364 4112 τό
1383 4046 1506 4123 σκότος,

173 4170 251 4235 quae
281 4153 477 4235 sequentibus
507 4154 606 4219 verbis
637 4153 804 4238 augenda
828 4154 916 4231 sunt,
946 4173 1016 4219 non
1039 4157 1189 4237 augentur
1212 4153 1267 4218 illa
1290 4152 1442 4230 versione,
1475 4153 1507 4217 et

172 4258 274 4324 locum
299 4260 394 4338 1144,
414 4263 433 4325 2
458 4260 527 4344 (καὶ
549 4262 665 4338 νυκτὸς
689 4255 730 4349 ἦν
754 4260 860 4328 ἔτιτὸ
885 4260 992 4328 δεινὸν
1015 4258 1248 4345 ότοπτότερον).
1271 4297 1316 4307 -

280 4367 467 4433 Elativum
498 4369 601 4432 autem
632 4367 774 4433 exhibent
804 4367 862 4433 loci
887 4367 968 4445 195,
997 4369 1035 4432 18
1066 4369 1155 4454 (περὶ
1178 4369 1263 4432 οὕτω
1286 4364 1505 4452 βραχυτάτου)

173 4476 226 4550 45,
244 4474 273 4553 8,
291 4475 320 4541 9.
347 4476 421 4552 672,
440 4475 482 4538 24
511 4474 598 4561 (έπεὶ
622 4483 772 4553 Φαῦστος
795 4476 813 4542 ό
839 4485 919 4552 παῖς
942 4475 959 4540 ό
985 4483 1044 4541 τοῦ
1067 4472 1179 4540 Σύλλα
1202 4473 1361 4550 νεώτατος
1384 4468 1426 4562 ἦν
1449 4472 1505 4553 ἔτι,

173 4580 266 4659 Bfm,
290 4583 424 4647 ceterum
448 4580 486 4648 of.
515 4582 610 4660 1180,
628 4582 694 4668 22).
1568 4570 1570 4574 ”
