3156 5086
650 340 872 402 ,65-

372 511 461 631 24)
494 515 566 612 110
598 517 859 614 vorborum
892 515 1154 611 structura.

202 656 246 719 De
276 657 434 720 verborum
465 657 621 720 structura
650 657 683 722 in
712 658 887 722 universum
920 655 1081 720 dicendum
1116 659 1177 734 est,
1210 656 1279 720 hinc
1312 674 1430 737 quoque

93 781 236 844 apparere
254 761 471 826 varietatem
487 763 523 826 et
538 763 829 828 inconstantiam
845 761 1084 843 Appiancam3
1110 762 1189 842 quod
1207 761 1428 837 demonstrant,

93 888 170 949 quae
193 868 350 932 observavi
374 868 410 932 de
434 868 563 952 singulis
587 871 701 945 verbis3
726 889 805 953 quae
829 871 900 934 sunt
923 869 1040 951 haec¹):

199 966 442 1055 μετατίθεσθαι
465 977 587 1040 etcum
611 978 693 1060 πρός
716 978 847 1062 legimus
870 976 1066 1041 coniunctum
1090 977 1213 1040 etcum
1237 975 1268 1052 ἐς
1293 973 1430 1039 absolute

93 1081 227 1161 positum
252 1077 415 1164 (23617.
446 1081 594 1158 24613.
625 1082 777 1170 925,11)
806 1087 837 1148 00
864 1103 934 1147 cum
958 1081 1097 1166 genetivo
1124 1082 1216 1163 (752,
1231 1082 1276 1144 24
1299 1079 1429 1169 00060,

94 1184 177 1251 Schr.
203 1185 319 1252 confert
343 1188 415 1267 807,
435 1189 478 1272 7).

200 1293 345 1359 κελεύειν
368 1294 543 1377 saepissime
566 1314 637 1359 cum
661 1296 833 1361 accusativo
857 1295 1053 1360 coniunctum
1076 1294 1204 1378 legitur,
1232 1315 1303 1360 cum
1327 1294 1430 1360 dativo

93 1417 315 1480 nonnusquam.

200 1508 445 1592 προλαμβάνειν
469 1509 499 1572 00
524 1534 552 1573 τι
576 1512 608 1573 00
633 1511 704 1575 τινα
728 1528 832 1574 secum
856 1510 948 1579 habet
971 1511 1002 1572 00
1026 1508 1163 1572 absolute
1186 1507 1317 1588 ponitur.

201 1616 358 1696 πολεμεῖν
373 1615 552 1696 plerumque
567 1634 637 1679 cum
653 1616 756 1681 dativo
771 1615 975 1698 coniungitur,
1000 1634 1069 1679 cum
1093 1614 1266 1678 accusativo
1290 1613 1428 1698 6100102)
1519 1677 1522 1682 .

95 1719 183 1800 (891,
199 1719 229 1784 5.
256 1720 351 1797 1111,
370 1721 421 1787 23.
449 1721 520 1800 196,
539 1721 590 1789 26.
618 1723 690 1801 198,
709 1725 761 1789 25.
788 1723 955 1799 1050,11.
981 1723 1054 1799 667,
1073 1723 1102 1797 5,
1127 1720 1237 1802 quibus
1261 1720 1379 1804 11010.)

202 1825 382 1914 ἐπιτρέχειν
404 1828 492 1893 modo
516 1828 723 1893 accusativum
747 1849 849 1895 secum
873 1829 967 1893 habet
989 1827 1079 1892 modo
1103 1827 1249 1892 dativum.

88 1991 90 1996 ,
201 1933 426 2020 ἀφαιρεῖσθαί
446 1935 518 1999 νινοί
534 1961 564 2000 ιι
580 1935 700 2017 saepius
723 1937 814 2012 extat,
840 1937 915 1999 item
939 1935 999 2022 α’φ.
1016 1953 1071 2015 pro
1094 1933 1215 2017 passivo
1239 1934 1323 2016 (cum
1338 1937 1430 2019 gen),

94 2058 165 2103 curn
189 2058 267 2113 acc,
296 2039 357 2126 α’φ.
388 2040 471 2118 τινός
500 2067 542 2117 τι,
571 2042 612 2108 τὰ
639 2043 871 2128 ἀφαιρεθέντα
902 2044 1000 2120 1038,
1030 2040 1088 2117 24,
1112 2041 1341 2128 ἀφαιρεῖσθαί
1359 2067 1431 2106 τινα

94 2165 164 2209 cum
187 2145 232 2234 μή
256 2149 286 2209 00
308 2145 362 2210 inf.
388 2148 462 2225 235,
482 2147 532 2212 13.

202 2252 451 2337 ἀπογιγνώσκειν
474 2255 563 2320 modo
587 2275 657 2320 cum
674 2275 734 2320 acc.
751 2255 875 2339 legitur,
892 2255 981 2320 modo
998 2274 1068 2319 cum
1085 2254 1234 2338 genetivo,
1257 2253 1345 2318 modo
1361 2273 1431 2318 cum

95 2356 244 2422 infinitivo
268 2359 425 2436 (93012.
450 2360 524 2435 284,
542 2362 571 2426 2.
599 2362 766 2444 70418),
792 2362 880 2427 modo
904 2380 957 2442 pro
981 2360 1101 2442 passivo
1125 2361 1212 2444 (909,
1231 2361 1295 2446 21).

203 2467 361 2549 καθαρός,
384 2473 571 2554 καθαίρειν,
594 2470 797 2555 καθαρεύειν
819 2471 849 2533 00
872 2487 941 2531 cum
965 2469 1064 2550 genet.
1087 2468 1194 2552 01100110
1217 2469 1248 2531 00
1269 2487 1339 2533 cum
1363 2468 1430 2533 ἀπὸ

97 2574 128 2634 00
157 2571 257 2654 genet.
289 2574 456 2659 (687,14)
486 2570 615 2639 etcum
640 2573 675 2640 ἐκ
699 2575 794 2655 (431,
813 2576 849 2651 8,
873 2573 979 2638 vanr.
1005 2573 1074 2639 Seh.
1104 2575 1156 2640 cit.
1188 2575 1317 2640 Dionem
1346 2575 1431 2641 Cass.

98 2678 150 2753 37,
169 2678 221 2754 24,
238 2680 281 2754 2).

205 2786 351 2872 (μθοίνειν
373 2786 505 2868 legimus
529 2789 560 2851 et
583 2806 653 2852 cum
678 2799 708 2853 ’τι
730 2789 761 2852 00
783 2807 854 2852 eum
869 2788 940 2852 τινὰ
956 2791 987 2853 00
1011 2807 1082 2853 cum
1104 2787 1158 2854 inf.
1177 2791 1207 2853 00
1222 2788 1360 2853 absolute
1376 2791 1431 2854 aut

98 2912 166 2956 cum
191 2891 345 2973 participii
370 2892 556 2959 nominativo
579 2892 782 2959 coniunctum.
836 2917 838 2923 ·

205 2999 373 3083 ὑπερορᾶν
400 3017 470 3062 cum
497 3017 579 3081 gen,
610 3018 681 3063 cum
704 3019 779 3078 acc,
807 3019 877 3064 cum
900 3000 952 3066 inf.
981 3001 1076 3075 extat,
1101 3001 1338 3089 vvirvapopoicoce
1361 3003 1430 3069 ὑπό

100 3105 176 3181 986,
195 3103 222 3167 1.
250 3105 323 3179 130,
341 3105 394 3169 22.

204 3212 376 3292 βιάζεσθαι
387 3231 441 3293 pro
449 3211 568 3294 passivo
583 3212 697 3295 legitur
713 3214 786 3288 864,
800 3215 851 3292 27,
867 3232 921 3296 pro
936 3215 1035 3279 medio
1052 3216 1082 3279 et
1098 3214 1291 3281 intransitive
1302 3217 1377 3295 591,
1391 3216 1430 3278 10

99 3315 177 3393 aliis,
201 3336 254 3397 pro
278 3317 377 3381 medio
401 3319 432 3382 et
454 3317 613 3384 transitivo
636 3319 710 3395 257,
729 3320 781 3384 20.

208 3423 437 3509 ἐπιτροπεύειν
459 3443 484 3490 0.
510 3444 570 3491 acc.
596 3425 670 3500 887,
691 3426 729 3488 10
755 3424 809 3503 (cf.
835 3427 931 3503 1140,
949 3428 1014 3510 20),
1039 3447 1062 3493 0.
1086 3447 1152 3512 gen.
1180 3429 1274 3506 1007,
1292 3429 1344 3494 22.

206 3529 288 3606 Jam,
314 3529 382 3593 aliis
405 3530 538 3607 omissis,
565 3530 695 3596 adiciam
718 3530 853 3616 singulas
877 3533 1113 3599 constructiones
1137 3535 1288 3600 mentione
1309 3535 1431 3620 dignas:

210 3637 365 3711 1040,19
390 3637 580 3720 ἀναβαίνειν
603 3637 639 3703 τὸ
663 3645 898 3724 περιτείχισμα.

209 3745 282 3820 544,
301 3743 342 3807 20
366 3743 564 3829 ὑπεραλγεῐν
588 3770 680 3821 τινος.

210 3850 361 3928 1016,11
389 3855 555 3916 διαθεῖναι
577 3870 648 3914 cum
672 3849 787 3933 duplici
810 3852 991 3917 accusativo.

212 3957 363 4033 112019
389 3956 548 4043 ἐφορμεῖν
571 3957 630 4046 τὴν
653 3957 764 4046 ἀκτήν.

212 4063 305 4138 1029,
324 4064 343 4126 0
367 4063 603 4147 ἄποτεμέσθαί
621 4064 693 4129 τινά
718 4090 756 4129 τι.

211 4170 284 4245 192,
302 4170 344 4233 26
361 4169 468 4236 αἰτίαν
484 4169 666 4253 ἐμβάλλειν,
683 4169 842 4251 Servus..
859 4170 949 4245 Mica
965 4171 1003 4238 01.
1021 4172 1095 4246 578,
1111 4173 1144 4235 81
1163 4173 1236 4251 200,
1254 4173 1285 4235 61
1311 4172 1385 4247 296,
1405 4172 1433 4240 7.

103 4275 177 4340 301.
195 4276 225 4340 4.
251 4276 325 4352 374,
344 4277 374 4340 5.
399 4276 472 4354 382,
489 4277 542 4340 28.
568 4275 642 4355 374,
660 4277 690 4341 5.
716 4277 858 4354 37910,
878 4276 928 4341 14.
953 4278 1027 4356 458,
1045 4278 1074 4344 6.
1100 4278 1174 4355 915,
1191 4279 1220 4344 6.

210 4414 231 4483 1)
250 4414 315 4468 Loci
334 4431 393 4468 cum
411 4414 444 4468 ad
462 4431 672 4484 unamquamque
691 4414 746 4469 fero
764 4419 924 4470 structuram
944 4417 1094 4488 pertineant
1112 4418 1244 4486 permulti,
1264 4387 1307 4473 eos
1325 4418 1365 4471 ita
1383 4417 1435 4472 fere

103 4519 152 4555 non
173 4502 287 4565 afferam,
308 4506 338 4556 ut
356 4504 421 4556 satis
439 4503 550 4558 habeam
569 4506 716 4558 structuras
735 4519 955 4561 commemorasse.

209 4592 232 4660 2)
252 4592 283 4646 cf.
304 4591 377 4646 Stich
397 4608 421 4660 p.
443 4593 493 4645 152
512 4596 540 4646 00
557 4592 589 4646 00
608 4608 691 4648 accus.
1172 4620 1175 4625 ·
1278 4668 1293 4718 5

1429 4720 1512 4752 A
