3156 5086
684 272 903 336 ..48-

126 469 255 551 αρξινέτ
269 475 359 552 έρωυ.
377 465 592 543 440,12-16
610 465 648 531 όν
663 465 960 551 ἐπιβουλευόμενον
975 467 1043 531 ent
1060 465 1223 533 Σελεύκου
1241 476 1300 532 τοῦ
1315 467 1459 554 ἀνεψιοῦ

126 576 240 658 οἱμὲν
254 572 356 660 Σύροι
379 575 541 657 νομίζουσι
564 578 793 664 περισωθῆναι
816 575 853 639 δι’
870 572 1047 655 εύσέβειαν,
1071 576 1125 638 καὶ
1149 572 1202 638 διά
1219 582 1316 639 τοῦτο
1340 573 1458 662 εύσεβη

126 684 369 766 παρωνόμασαν
392 673 520 766 (ἑταίρα
544 682 571 744 δ’
597 680 699 746 αύτόν
722 679 850 758 ἔσωσεν,
876 679 1059 765 ἐρασθεῖσα
1083 689 1142 744 τοῦ
1165 680 1319 763 κάλλους)
1336 681 1409 764 ἐμοὶ
1424 681 1459 747 δέ

125 793 278 855 δοκοῦσιν
300 785 356 853 ε’πὶ
379 788 490 872 γέλωτι
513 786 602 873 αὐτῷ
625 786 826 874 ποιήσασθαι
850 789 886 853 τό
912 789 1016 870 ὄνομα
1040 788 1072 852 οἱ
1094 789 1207 870 Σύροι.

232 912 339 988 274,9
364 914 462 978 ὅταν.
478 963 502 976 ..
528 911 823 1004 άναμιμνήσκησθε
846 923 905 979 τοῦ
929 911 1082 1000 πλήθους
1103 905 1149 978 οἷν
1172 913 1277 996 εἴχετε
1300 923 1383 979 νεῶν
1405 916 1460 979 καὶ

125 1019 283 1107 λαηύρων
306 1020 391 1085 ὅσων
413 1023 547 1106 ἐφέρετε
571 1023 626 1086 καὶ
647 1024 679 1097 ίς
703 1020 795 1098 οἴους
819 1014 854 1105 γε
878 1020 954 1096 τούς
970 1023 1101 1102 λιμένας
1124 1019 1308 1108 κατήγεσθε
1324 1023 1459 1104 σοβαροὶ

128 1129 182 1191 καὶ
206 1126 246 1190 τά
272 1125 393 1209 νεαίρια
414 1129 469 1192 καὶ
491 1126 530 1192 τό
554 1137 618 1192 τῶν
641 1139 765 1194 σκευῶν
788 1139 922 1210 ταμιεῖα
945 1125 1175 1209 ἐνεπίμπλατε,
1199 1125 1267 1192 Rfe.
1292 1126 1379 1206 rivel
1403 1122 1458 1192 οἷα

126 1237 224 1307 iven„
248 1233 353 1315 quales
376 1231 433 1296 1οοὶ
457 1232 563 1296 extant
590 1231 638 1312 15,
663 1233 814 1315 equibus
838 1234 857 1296 6
880 1233 974 1298 Maso.

232 1355 329 1420 Locus
341 1357 414 1434 837,
433 1356 475 1419 22
486 1357 612 1431 -838,
630 1357 1195 1425 2ετ111οε1οοοοευίοτηεἐσελθὼν...
1213 1360 1384 1424 καὶπλέων
1390 1409 1454 1422 .....

125 1463 321 1529 ἐπινοοῦντα
344 1461 382 1553 δη
400 1472 518 1530 τοῦτον
540 1467 730 1549 διατειχίσαι
753 1465 811 1531 τὸν
832 1465 983 1548 ποταμὸν
1004 1466 1060 1530 καὶ
1082 1466 1137 1530 ε’πὶ
1160 1473 1256 1530 τοῦτο
1274 1462 1458 1530 ἐκπλέοντά

127 1591 228 1654 φασιν
251 1568 468 1637 ἐπιτωθάσαι.

233 1675 353 1740 Meram
378 1677 478 1741 autern
507 1678 700 1760 parenthesin
729 1679 876 1761 praebent
901 1677 1109 1758 10612215.
1134 1678 1213 1755 250,
1231 1676 1283 1744 20.
1310 1679 1409 1755 1061,
1428 1680 1457 1743 2.

232 1781 313 1847 Tum
336 1783 442 1848 extant
464 1783 537 1861 loci,
565 1784 677 1865 quibus
703 1784 834 1850 mirum
861 1784 898 1850 in
921 1785 1065 1850 modum
1088 1804 1236 1850 casuum
1263 1785 1382 1850 mutet
1404 1805 1459 1850 re·

126 1889 313 1953 lationem:

234 1997 373 2074 643,12
398 1999 481 2063 ὅθεν
504 1997 606 2064 αύτδν
634 1998 651 2063 ὃ
675 1996 805 2076 Σύλλας
835 1996 883 2063 ἔτι
909 1998 1073 2064 νεάτατον
1101 1997 1181 2064 ὄντα
1209 1991 1284 2087 ἦγεν
1312 1996 1347 2063 ἐν
1374 2006 1459 2086 τιμῇ,

125 2106 182 2170 καί
197 2103 355 2181 ἐπιόντος,
372 2111 480 2191 φασίν,
505 2104 708 2170 ὑπανίστατο
724 2104 822 2192 μόνῳ,
846 2103 898 2168 ubi
915 2104 1126 2184 exspectamus
1142 2103 1276 2179 ε’πιόντι,
1299 2103 1330 2169 et
1348 2104 1421 2181 751,
1439 2105 1458 2167 6

126 2208 347 2299 προδιῴκηντο
372 2213 427 2276 καί
450 2211 521 2277 ὁδοὶ
544 2213 599 2277 καὶ
621 2212 747 2294 λιμένες
769 2215 825 2277 καὶ
848 2210 992 2299 φρούρια
1015 2212 1057 2289 ὥς
1081 2211 1116 2277 έκ
1140 2236 1175 2278 τε
1195 2220 1250 2300 γῆς
1267 2214 1320 2278 aiei
1342 2219 1459 2298 φέρεσ-

127 2323 188 2382 θαι
210 2320 266 2384 καὶ
288 2318 341 2383 διδ
366 2317 538 2406 θαλάσσης
561 2317 671 2383 πάντα
695 2319 818 2402 ἄνεμον
841 2317 931 2405 αύτῷ
955 2327 1075 2405 φέρειν,
1098 2317 1152 2382 ubi
1175 2316 1257 2382 idem
1278 2317 1458 2382 vocabulum

126 2422 237 2489 πάντα
263 2442 317 2506 pro
345 2422 480 2488 subiecto
507 2422 641 2504 pertinet
669 2423 708 2488 ad
732 2430 911 2513 φέρεσθαι,
940 2423 978 2488 ad
1003 2434 1116 2512 φέρειν
1138 2443 1191 2506 pro
1213 2423 1339 2489 obiecto.
1386 2422 1458 2487 Nfd.

127 2531 248 2614 ἄνεμον
270 2529 300 2594 et
324 2537 445 2617 φέρειν.
1333 2611 1335 2615 y

232 2637 304 2702 Jam
329 2635 588 2719 attractionel)
611 2634 764 2716 quadam
792 2634 929 2700 nititur
956 2636 1194 2702 anacoluthia
1218 2638 1291 2714 111,
1319 2638 1356 2700 11
1383 2635 1460 2712 τοῦς

126 2741 187 2823 μὲν
209 2743 329 2820 ἄλλους
354 2740 541 2809 ἐκέλευσεν.
555 2797 560 2808 .
572 2795 578 2807 .
592 2795 597 2806 .
623 2746 849 2829 διαιρεθέντας
861 2791 887 2806 ..
912 2740 1102 2830 φεύγειν...
1122 2744 1154 2824 ές
1171 2744 1333 2832 Τριβόλαν
1346 2746 1458 2819 πάλιν,

127 2848 212 2914 ἔνθα
236 2849 338 2915 αὐτόν
359 2859 553 2935 περιμένειν,
577 2850 698 2934 χιλίους
722 2848 758 2915 δὲ
781 2847 902 2932 μόνους
925 2850 1154 2934 ἐπιλεξάμενος
1176 2852 1346 2917 ἐκέλευσεν
1368 2850 1459 2937 αύτῷ

127 2961 355 3032 σννίστασθαα
377 2956 431 3021 ubi
454 2976 491 3021 ne
514 2955 674 3021 conieceris
698 2957 765 3021 καὶ
787 2958 937 3022 ἐνταῦθα
960 2957 1015 3033 aut
1038 2956 1138 3022 simile
1162 2956 1344 3039 quidquam3
1372 2956 1459 3024 ἔνθα

127 3061 231 3129 αὐτὸν
257 3072 441 3149 περιμένειν
468 3063 550 3128 enim
578 3062 759 3128 attractione
786 3062 925 3144 quadam
949 3061 1111 3146 dependet,
1139 3062 1202 3128 iam
1228 3082 1287 3129 non
1315 3083 1334 3128 a
1359 3063 1459 3146 priore

127 3172 293 3244 tertianae,
324 3169 377 3234 sed
407 3170 445 3234 ab
475 3169 661 3251 insequente.
686 3169 991 3248 -11οω907,12
1023 3171 1108 3236 ἄλλα
1133 3170 1168 3235 δὲ
1187 3170 1353 3237 Ἀντωνίου
1382 3172 1458 3258 τέλη

128 3278 304 3352 καλοῦντος
330 3278 364 3341 ἐκ
393 3284 456 3341 τῶν
483 3275 590 3341 ἄλλων
617 3279 845 3360 στρατοπέδων
872 3267 917 3341 τόν
942 3279 1087 3361 βραδέως
1113 3277 1156 3355 ὥς
1184 3280 1219 3343 ἐν
1244 3276 1395 3364 αίφυιδίιρ
1424 3300 1459 3340 τε

127 3380 321 3470 μετακλήσει
344 3383 400 3448 καὶ
421 3383 593 3466 μακρόθεν
614 3379 729 3447 ἰόντων
750 3380 908 3468 ἐκράτουν
931 3383 964 3448 οἱ
978 3392 1037 3448 τοῦ
1054 3391 1214 3469 Καίσαρος
1232 3393 1269 3468 τῇ
1283 3383 1381 3468 μάχη,
1404 3383 1459 3449 ubi

128 3480 172 3551 ὧν
194 3488 263 3567 post
286 3491 514 3572 στρατοπέδων
541 3486 601 3551 noli
629 3485 728 3552 delere
757 3487 812 3551 aut
839 3489 961 3552 mutare
987 3487 1019 3551 in
1042 3492 1097 3555 καὶ
1122 3488 1252 3556 τούτων.
1278 3530 1316 3537 -
1343 3488 1458 3554 Eodem

127 3593 259 3673 pertinet
282 3595 357 3673 983,
374 3595 414 3658 21
440 3597 495 3660 καὶ
518 3595 642 3661 δώδεκα
659 3595 734 3683 τέλη
751 3605 892 3679 στρατοῦ
908 3602 938 3662 Γ
932 3598 996 3682 α’ίρι
1012 3603 1151 3680 Καίσαρι
1167 3595 1201 3661 ἐκ
1216 3598 1342 3663 πολλοῦ
1363 3620 1459 3682 στρα-

128 3700 290 3783 τευόμενα
312 3704 367 3768 καὶ
389 3709 633 3787 γεγυμνασμένα
648 3703 851 3787 προσέλαβεν
874 3701 1018 3789 ἀθρόως·
1043 3695 1083 3768 ού
1106 3703 1142 3768 τό
1166 3704 1227 3787 μέν
1249 3701 1286 3769 ἓν
1309 3702 1418 3770 ericen
1441 3704 1459 3768 ό

129 3815 257 3892 Καῖσαρ
280 3811 314 3874 ἐν
335 3814 440 3900 Σορίρ
464 3808 699 3883 κατελελοίπει,
723 3806 776 3871 ubi
790 3806 846 3871 Mf.
870 3809 981 3888 prebat
997 3806 1095 3873 Sehw.
1113 3809 1319 3874 coniecturam
1336 3803 1377 3876 ού
1392 3829 1457 3874 mu-

128 3914 224 3979 tantis
250 3914 282 3978 in
311 3921 378 3989 καί;
406 3914 515 3995 quibus
543 3913 643 3979 tribus
669 3914 743 3980 loeis
770 3914 933 3980 relativum
960 3915 1109 3980 habemus
1135 3935 1189 3997 pro
1212 3916 1459 3995 demonstrative,

128 4011 206 4101 quae
228 4021 383 4085 structura
405 4020 506 4087 neseio
530 4039 569 4085 an
592 4020 633 4085 sit
657 4020 836 4104 deprompta
859 4041 874 4085 e
898 4040 1034 4086 sermone
1059 4021 1176 4088 Latino.
1190 4023 1216 4107 2)

234 4127 470 4194 Anaeoluthiam
493 4146 562 4193 vere
585 4128 677 4194 satis
701 4127 825 4193 duram
849 4125 970 4193 exhibet
986 4128 1070 4194 loeus
1086 4129 1161 4206 319,
1182 4130 1307 4194 13-21
1333 4132 1461 4216 λέγεται

127 4233 190 4317 μὲν
211 4238 445 4320 δακρῦσαι....
469 4234 554 4320 enea
577 4235 780 4318 πολεμίων..
795 4285 820 4298 ..
845 4237 901 4302 καὶ
923 4235 1061 4301 συνιδών
1088 4237 1137 4302 ὅτι
1164 4239 1220 4303 καὶ
1246 4237 1359 4316 πόλεις
1371 4285 1457 4301 .....

236 4445 258 4514 1)
276 4443 311 4498 ei.
330 4443 363 4500 K.
384 4445 401 4515 ξ
420 4443 481 4507 602,
501 4445 525 4501 7.

235 4533 258 4598 2)
277 4532 311 4587 ei.
331 4533 363 4588 de
381 4548 432 4586 aee.
453 4532 534 4586 absol.
