3156 5086
618 300 837 364 ..49-

57 494 111 557 δεῖ
130 495 333 576 μεταβαλεῖν
356 495 464 583 ὥσπερ
488 494 687 584 ἀνθρώπους
711 498 858 579 δαίμονα,
881 496 936 560 καὶ
960 494 1045 559 τοῦτ)
1069 491 1181 559 ἔπαθε
1192 543 1355 560 .........
1374 495 1393 581 ἡ

58 599 273 677 Μακεδόνων,
296 602 365 668 εἴτε
388 601 471 667 ἐτοῖν
494 601 561 667 εἴτε
576 601 802 690 προφυγόντος
819 600 922 668 αιίτόυ
938 605 1033 667 τοῦδε
1050 609 1108 666 τοῦ
1129 599 1228 678 ἔπους
1248 600 1396 678 ,ἔσσεται

57 700 149 793 ἦμαρ
162 756 250 772 .....
276 706 469 795 Πριάμοιο,“
496 707 563 771 life.
589 706 673 774 ἐκώυ
695 707 769 798 ἔφη,
792 707 867 772 Μῐε.
876 706 900 791 1)

168 813 243 895 Quo
267 813 445 879 accedunt
459 814 518 879 loni
536 815 610 893 906,
627 815 667 879 21
684 852 719 862 -
734 816 808 894 907,
825 815 845 879 2
861 815 968 905 γνώμη
985 816 1021 880 δὲ
1043 809 1263 903 ηνἎννωνίη.
1279 865 1284 876 .
1298 866 1322 878 ..
1347 814 1392 901 μὴ
1467 900 1470 905 .

57 923 274 1009 ἐπιχειρεῖν..
298 922 370 1011 μηδ’
386 920 584 1005 ἀμύνεσθαι,
609 922 661 987 διδ
680 921 715 988 δέ
740 931 803 988 τῶν
817 923 961 989 ἱππέων.
975 971 981 985 .
995 972 1022 988 ..
1048 922 1205 1006 ἐνοχλεῖν,
1221 928 1315 1008 μέχρι
1331 948 1394 985 πα-

57 1029 174 1117 ραδοίη
186 1079 193 1095 .
206 1078 232 1094 ..
246 1076 263 1105 .,
285 1027 383 1115 Ἱρτίῳ
407 1029 442 1094 δέ
466 1031 521 1095 καὶ
537 1036 677 1116 Καίσαρι
693 1028 746 1094 διὰ
763 1038 860 1119 τοῦτο
883 1028 1025 1113 μα’λιστα
1049 1027 1107 1115 τὴν
1129 1028 1237 1116 μάχην
1252 1030 1394 1112 ἐπείγεσ-

58 1136 130 1210 θαι,
152 1133 208 1199 ubi
232 1135 340 1225 γνιίμη
364 1135 519 1218 signifieat
541 1136 572 1200 et
594 1135 755 1201 eonsilium
779 1135 810 1200 et
833 1134 1024 1201 sententiam.

167 1242 241 1320 434,
259 1241 301 1304 24
321 1242 426 1329 Ἄργος
450 1242 487 1308 τὸ
511 1245 545 1308 ἐν
563 1241 726 1334 Ὀρεστείηι
738 1292 745 1306 .
758 1292 765 1305 .
778 1290 805 1306 ..
831 1243 886 1307 καὶ
909 1240 945 1308 τὸ
974 1244 1008 1307 ἐν
1027 1241 1125 1329 Ἰονίῳ
1152 1241 1327 1325 λεγόμενον
1350 1239 1392 1304 οί·

57 1353 146 1413 νίσαι
161 1347 327 1438 Διομήδην
349 1348 526 1433 ἀλώμενον,
549 1348 602 1413 ubi
625 1348 834 1431 exspectamus
859 1347 998 1435 η’κίσδαι
1022 1349 1088 1414 ὑπὸ
1105 1346 1287 1436 Διομήδους
1310 1346 1394 1412 ἄλω-

56 1462 169 1538 μέυου,
193 1453 320 1521 Schwfc.
346 1455 366 1523 δ
387 1458 542 1541 λέγουσιν.

169 1560 264 1640 1116,
282 1565 301 1627 9
326 1563 358 1629 εί
367 1613 373 1628 .
387 1616 391 1626 .
407 1614 432 1629 ..
457 1562 489 1640 ἐς
511 1562 614 1639 ἰδίους
637 1562 777 1652 ἐχθροδς
801 1561 886 1651 ὖπέρ
903 1561 1023 1638 οἰκείας
1039 1565 1237 1639 δυναστείας,
1258 1560 1343 1650 ὑπὲρ
1357 1552 1394 1648 ἧς

58 1667 96 1754 δὴ
115 1672 172 1734 καὶ
188 1670 383 1758 προγραφὰς
406 1672 465 1735 καί
486 1669 615 1758 σφαγὰς
638 1671 694 1736 καὶ
716 1668 810 1753 λιμὸν
833 1667 868 1734 ἐκ
893 1672 992 1734 τοῖνδε
1016 1667 1070 1750 (=
1083 1670 1137 1733 καὶ
1153 1665 1188 1745 ἐξ
1203 1661 1260 1750 ὧν)
1283 1667 1394 1734 πανοί-

57 1778 158 1840 δυνον
181 1784 352 1860 γεγονέναι,
377 1775 423 1842 ἐτι
447 1779 501 1843 καὶ
525 1776 564 1842 τοὶ
589 1776 689 1842 λοιποὶ
713 1775 900 1863 περιδύοιεν
922 1773 1053 1851 αίτοιίς,
1076 1773 1150 1838 Mf0.

168 1880 264 1961 1181,
284 1884 323 1948 17
347 1882 409 1950 εἰσὶ
425 1883 451 1948 δ’
476 1884 515 1948 οἳ
528 1882 686 1968 Πλάγκον,
709 1882 769 1948 οίκ
788 1873 953 1949 Ἀυτιίνιου
975 1881 1120 1967 λέγοντες
1136 1880 1318 1947 ἐπιστεῖλαι
1338 1881 1395 1947 καὶ

56 1989 242 2071 νομίζουσιν
271 1991 415 2076 ἄρχοντα
437 1997 560 2076 Συρίοις
589 1992 644 2055 καὶ
672 2000 743 2068 ταῖς
774 1987 960 2065 ἐπιστολαῖς
990 1986 1267 2075 ἐπιτετραμμένον
1296 1985 1328 2065 ἐς
1347 2013 1391 2052 ’τα
1491 2034 1494 2039 <

58 2091 232 2177 ἐπείγοντα
256 2094 450 2184 ἐπιγράφειν
473 2096 529 2163 τὸν
539 2096 705 2163 ’Λντώνιον
726 2098 781 2162 καὶ
797 2105 835 2183 τῇ
859 2098 1012 2182 σφραγῖδι
1026 2099 1178 2183 χρῆσθαι,
1198 2092 1251 2157 ubi
1266 2092 1310 2157 M.
1322 2092 1391 2157 de.

56 2203 112 2266 καὶ
135 2205 333 2286 νομίζουσιν;
356 2205 424 2286 post
446 2211 568 2292 Συρίοις
592 2202 796 2286 supplendum
819 2203 867 2268 esi
882 2203 961 2268 ὄντα
985 2202 1015 2267 et
1029 2203 1085 2267 καὶ
1100 2201 1171 2265 ante
1187 2211 1258 2280 ταῖς
1273 2199 1392 2264 intelle-

56 2307 193 2391 gendum
217 2310 264 2372 eet
292 2310 436 2387 „etinm“.
460 2310 737 2396 ἐπιτετραμμένον
760 2308 863 2374 autem
886 2307 1034 2391 dependet
1057 2327 1076 2372 e
1097 2309 1270 2391 νομίζοντι,
1299 2324 1393 2388 quere

56 2412 191 2480 Sehwrv,
226 2418 292 2494 „eni
317 2415 480 2494 nimirum,
512 2415 617 2499 Syriae
639 2416 805 2500 praefecte,
834 2415 1031 2480 commissum
1058 2411 1169 2494 putent
1195 2411 1392 2507 eblenionio

56 2521 117 2585 nt.
137 2572 144 2584 .
163 2572 170 2587 .
190 2526 216 2586 .“

168 2627 207 2692 ef.
232 2629 306 2708 398,
331 2630 449 2694 5-12.
483 2629 558 2706 205,
583 2629 613 2694 9.
650 2628 724 2705 239,
749 2627 801 2694 21.

169 2733 313 2800 Ceterum
336 2721 562 2801 anacoluthiann
585 2735 725 2800 exhibent
741 2735 886 2799 nonnulla
900 2752 1019 2817 qnoque
1034 2732 1172 2815 exempla
1187 2752 1222 2797 ex
1237 2732 1290 2812 eis,
1313 2751 1391 2814 qnae

58 2842 175 2924 protuli
199 2863 269 2908 cum
292 2843 342 2926 egi
365 2843 403 2909 de
424 2843 524 2928 figura
547 2843 630 2910 κατὰ
654 2843 785 2910 σίνεσιν
807 2842 839 2907 et
862 2841 899 2906 de
920 2839 1116 2906 nominative.

174 3018 195 3086 1)
213 3018 246 3072 cf.
266 3017 297 3070 de
315 3017 411 3086 ellipsi.
