3156 5086
737 262 957 325 -58-

181 453 371 537 ἐπαγγελίας
402 450 513 528 αἰδώς,
542 453 564 541 ἢ
586 451 669 542 ἄλλη
699 455 948 542 φιλανθρωπία,
976 460 1031 524 καί
1058 455 1210 540 λογισμὸς
1238 453 1294 521 ἐπὶ
1317 463 1519 542 συμφέροντι
1544 522 1547 529 ,

179 560 238 648 τὴν
254 563 428 643 τυραννίδα
443 563 606 644 γενέσθαι,
629 557 697 625 Nfo.
714 565 769 628 καὶ
792 562 839 627 vel
862 567 883 653 ἢ
899 566 953 630 καὶ
968 565 1045 649 λαμ,
1069 567 1141 641 δέος
1165 561 1246 625 enim
1268 561 1299 626 et
1317 561 1534 651 κατάπληξις·

179 668 211 731 01
233 666 330 742 αἰδώς
354 666 384 729 01
408 666 645 752 φιλανθρωπία
668 668 740 730 sunt
756 667 840 732 varia
863 687 991 734 sensus
1006 686 1128 752 genera,
1152 668 1302 753 λογισμός
1325 668 1429 733 autem
1450 686 1518 748 per-

179 773 259 836 tinet
282 772 321 836 ad
344 773 510 836 mentem.
557 769 664 851 Neque
691 772 775 836 enim
803 792 858 858 pro
885 774 1024 840 vocabuli
1052 777 1135 865 ἄλλη
1164 773 1258 858 (quod
1285 793 1345 838 non
1368 773 1518 838 vertentes

179 879 295 961 optime
317 878 486 960 vertamus)
509 877 732 961 significatione
754 880 810 945 illa
823 882 848 965 ¹)
872 881 1076 947 dubitandum
1098 881 1154 960 cst,
1178 881 1261 962 quin,
1287 880 1313 943 si
1332 883 1353 968 ἢ
1369 879 1519 966 λογισμός

180 986 350 1069 scripsisset
372 983 421 1062 Α,
445 985 615 1068 legeremus
639 989 665 1073 q*
690 989 927 1074 φιλανθρωπία
950 991 971 1078 ἢ
995 989 1092 1065 ἄλλος
1115 987 1287 1072 λογισμός
1300 1024 1339 1032 -

289 1092 355 1173 Quo
380 1090 496 1156 accedit
518 1091 621 1156 locus
646 1092 696 1173 14,
714 1094 744 1170 8,
770 1095 808 1159 ab
825 1095 1001 1160 hominibus
1016 1094 1113 1159 doctis
1136 1092 1212 1158 satis
1233 1094 1372 1171 1010111ος
1397 1092 1435 1157 de
1458 1111 1518 1174 quo

180 1197 253 1278 quid
281 1197 427 1274 iudicem,
457 1196 530 1261 data
556 1197 711 1264 occasione
740 1200 802 1264 iarn
829 1200 990 1284 proferam.
1038 1199 1182 1266 Vaticani
1209 1199 1305 1284 igitur
1333 1198 1519 1280 scripturam

180 1297 242 1370 ὦδε
264 1304 326 1389 μὲν
349 1305 380 1382 ἐς
403 1307 535 1388 βίβλους
552 1301 673 1370 ἕκαστα
697 1316 758 1371 τῶν
781 1307 890 1373 ἐθνῶν
913 1311 1133 1397 ἢσιραιηγῶν
1150 1307 1190 1373 τὰ
1208 1305 1355 1394 ἐμφύλια
1370 1306 1518 1397 διῄρηται

181 1410 260 1491 quod
291 1411 465 1476 emendavit
494 1410 609 1476 Sobul
634 1412 679 1494 (p.
706 1413 783 1497 133)
815 1413 860 1478 ita
888 1415 925 1477 ut
951 1413 1120 1492 ,sententia
1149 1415 1181 1477 01
1209 1413 1287 1478 ratio
1314 1413 1519 1496 grammatica

179 1516 396 1598 flagitabanffl,
420 1537 490 1582 cum
507 1518 630 1599 scripsit
645 1516 766 1584 ἕκαστα
793 1531 856 1587 τῶν
873 1520 981 1587 ἐθνῶν
1003 1525 1024 1610 ἢ
1041 1521 1073 1598 ἐς
1089 1520 1287 1610 στρατηγούς
1307 1520 1347 1585 τὰ
1364 1519 1519 1608 ἐμφύλια,

180 1624 341 1714 διῄρηται,
371 1623 562 1689 1110011111
591 1644 660 1690 eam
690 1626 933 1692 emendationem
963 1627 1011 1692 his
1035 1627 1134 1691 verbis
1157 1626 1340 1709 disputavit:
1368 1626 1420 1706 ,ab
1450 1645 1518 1691 vero

179 1748 234 1794 nee
257 1734 278 1819 ἢ
302 1730 351 1794 bio
373 1731 474 1796 locum
497 1730 590 1796 habet
611 1771 650 1779 —
672 1736 728 1799 καὶ
750 1733 832 1797 enim
855 1733 1023 1800 necessario
1045 1734 1229 1816 1·equiritur“
1258 1731 1352 1815 (quod
1374 1730 1518 1797 vertendo

183 1835 367 1920 significavit
390 1835 502 1924 Schvv.)
528 1875 565 1882 -
595 1857 668 1918 ,nec
693 1838 842 1904 articulus
865 1840 970 1904 abesse
998 1842 1100 1922 potest
1127 1839 1206 1904 siout
1228 1841 1309 1904 recte
1332 1839 1423 1923 paulo
1447 1840 1518 1903 ante

181 1944 326 2025 cap.14“
353 1943 425 2025 (quo
448 1943 514 2025 ipso
537 1943 601 2010 1000
618 1942 715 2011 Sohw.
732 1945 816 2009 nisus
839 1946 887 2010 est
909 1946 948 2011 ad
964 1945 1238 2012 commendandam
1261 1945 1517 2028 praepositionem

182 2048 214 2127 ἐς
222 2049 261 2132 l),
289 2050 456 2132 ,scriptum
479 2052 539 2115 est:
566 2050 621 2133 (τὰ
646 2050 806 2139 ἐμφύλια)
834 2051 866 2130 ἐς
891 2053 966 2130 τούς
989 2054 1186 2143 στρατηγούς
1211 2062 1274 2119 τῶν
1301 2050 1445 2118 στάσεων
1469 2054 1515 2116 δι·

180 2156 323 2247 ῄρηιαι.“
371 2156 488 2238 Quibus
505 2157 670 2241 disputatis
686 2159 749 2224 M.2
765 2159 829 2241 ipse
845 2160 1003 2242 proposuit
1017 2161 1226 2244 recipiendum
1241 2179 1306 2225 esse
1320 2162 1376 2226 καὶ
1392 2157 1426 2237 ἐς
1441 2157 1517 2235 τούς

181 2263 377 2352 στρατηγούς
401 2263 441 2329 rol
467 2264 624 2352 ἐμφύλια.

286 2367 386 2448 Quam
415 2373 621 2437 coniecturam
651 2391 688 2436 ne
721 2371 822 2452 ipsum
851 2372 975 2452 quidem
1006 2390 1062 2455 ego
1094 2371 1298 2455 probaverim3
1329 2370 1404 2453 puto
1437 2369 1518 2435 enim

182 2477 262 2542 hunc
283 2478 385 2541 locum
415 2478 537 2543 omnino
559 2498 619 2544 non
641 2478 694 2543 illo
718 2479 843 2556 mendo,
873 2479 954 2559 quod
984 2478 1185 2562 investigasse
1208 2477 1268 2544 sibi
1291 2477 1348 2543 visi
1370 2476 1519 2542 011111110-

180 2583 278 2647 mines
301 2583 383 2649 docti
405 2585 551 2663 laborare,
575 2584 628 2649 sed
651 2586 771 2650 servata
779 2585 922 2650 Vaticani
946 2584 1096 2666 scriptura
1119 2583 1253 2650 eicienda
1276 2603 1341 2649 0000
1364 2583 1457 2648 verba
1476 2582 1517 2648 τοὶ

181 2689 337 2777 ἐμφύλια.

286 2794 332 2860 Ac
354 2796 490 2879 primum
514 2796 636 2878 quidem
659 2797 726 2862 ideo
748 2797 828 2861 mibi
850 2817 909 2862 non
931 2797 1032 2880 placet
1055 2797 1208 2882 scriptura
1230 2818 1249 2863 a
1271 2798 1335 2863 M.2
1354 2795 1518 2880 proposita,

181 2903 261 2984 quod
276 2902 324 2979 A..
349 2903 521 2985 ubicunque
545 2899 607 2969 ὧδε
628 2903 779 2987 particula
803 2903 1097 2989 antecedentia2)
1120 2904 1357 2988 comprehendit,
1381 2922 1518 2986 compre·

181 3008 288 3074 bendit
310 3010 364 3087 ita,
389 3012 426 3075 ut
447 3010 525 3074 nibil
548 3010 612 3075 iam
635 3011 738 3088 addat,
764 3029 823 3093 quo
838 3010 1014 3092 explicando
1037 3012 1091 3076 aut
1106 3012 1243 3077 iterando
1265 3011 1403 3076 recurrat
1418 3010 1457 3074 ad
1472 3029 1517 3089 ea,

181 3135 258 3196 quae
281 3135 374 3200 supra
388 3117 541 3202 leguntur,
565 3119 620 3182 aut
635 3117 755 3182 minuat
772 3118 834 3181 vim
849 3117 1017 3199 particulae
1032 3109 1136 3202 01303)
1170 3117 1266 3184 Locus
1283 3119 1386 3183 autem
1405 3118 1456 3195 13,
1475 3116 1517 3181 24

181 3223 258 3289 milri
280 3223 400 3288 videtvrr
422 3244 481 3289 non
504 3225 594 3290 modo
617 3225 655 3289 ad
679 3224 884 3289 adiuvandam
907 3223 1005 3291 Schu.
1031 3227 1086 3291 aut
1107 3216 1151 3293 M.
1176 3225 1381 3292 coniecturum
1408 3243 1462 3306 per
1485 3243 1517 3290 sc

182 3330 259 3394 nihil
282 3331 395 3411 valere,
420 3330 472 3395 sed
494 3330 598 3414 potius
620 3330 773 3395 induxisse
795 3331 940 3396 lectorem
963 3332 1115 3412 quendam
1138 3333 1193 3397 aut
1215 3330 1390 3407 librarium,
1418 3331 1455 3394 ut
1477 3331 1517 3396 ad

183 3435 361 3517 explicanda
383 3437 474 3502 verba
496 3441 518 3526 ἢ
541 3437 594 3520 (sc.
613 3436 734 3504 ἕκασια
751 3439 827 3522 τῶν)
849 3449 1042 3528 στρατηγῶν.
1055 3439 1149 3504 011000
1172 3437 1282 3504 sivein
1297 3437 1435 3522 margine
1454 3437 1517 3502 sive

181 3544 214 3607 in
237 3544 303 3625 ipso
325 3545 468 3609 contextu
484 3545 724 3611 adscriberetur
742 3544 896 3632 ἐμφύλια,
920 3564 989 3610 oum
1006 3547 1064 3611 loci
1080 3545 1280 3624 sententiam,
1303 3545 1339 3610 ut
1355 3544 1517 3610 vernacula

182 3649 288 3732 lingua.
310 3652 394 3726 utar,
419 3653 501 3717 10010
523 3652 602 3716 huno
625 3650 659 3715 in
681 3651 807 3716 modum
830 3651 1029 3718 intellexisset
1055 3651 1115 3730 ,So
1139 3651 1209 3737 (auf
1228 3651 1278 3717 die
1300 3652 1384 3729 eben,
1407 3672 1437 3734 p.
1464 3650 1516 3728 12,

185 3757 225 3819 13
245 3793 283 3802 -
304 3759 358 3833 14,
377 3758 395 3821 7
420 3758 630 3823 besohriebenc
646 3757 761 3837 Weiss)
786 3758 827 3822 ist
849 3759 914 3823 also
938 3758 987 3824 die
1011 3779 1106 3842 ganne
1122 3757 1302 3825 Gesohichte
1326 3759 1378 3823 der
1394 3758 1517 3837 Vollrer,

182 3863 521 3947 beziebungsueise
544 3864 711 3929 Feldberrn
734 3864 919 3949 eingeteilc.“

290 3971 358 4052 Qua
381 3991 416 4036 er
439 3972 573 4038 versione
596 3974 730 4056 apparet,
754 3972 786 4036 ni
809 3972 906 4049 fallor,
931 3972 1036 4038 eiectis
1058 3972 1158 4039 verbis
1178 3974 1219 4040 τὰ
1234 3972 1380 4061 ἐμφύλια
1402 3970 1517 4054 requiri

183 4096 279 4158 neque
302 4083 356 4143 καὶ
386 4097 483 4160 neque
515 4090 577 4146 τῶν
605 4081 677 4144 ante
700 4089 894 4170 σιραιηγῶν.
942 4078 1001 4146 Sed
1031 4099 1066 4144 er
1088 4079 1230 4147 omnibus
1252 4079 1285 4144 id
1312 4076 1444 4144 maxime
1467 4096 1517 4142 1110

293 4257 314 4316 1)
334 4257 366 4306 cl.
386 4253 418 4306 de
435 4253 523 4322 signif.
542 4253 611 4308 verb.

290 4343 314 4412 2)
333 4341 365 4395 cf.
384 4342 416 4396 de
434 4358 507 4411 pron.
526 4345 554 4396 et
571 4343 603 4396 Κ.
623 4342 661 4397 ΙΙ.
680 4359 706 4411 p.
727 4343 778 4396 556
797 4359 851 4411 sqq.

290 4430 314 4499 3)
333 4430 364 4485 cf.
383 4431 450 4485 locos
471 4432 530 4495 172,
550 4431 591 4486 10.
616 4432 677 4498 378,
689 4432 715 4486 4.
738 4430 856 4494 40210.
879 4429 941 4495 412,
954 4431 997 4488 22.
1019 4432 1137 4496 416,13.
1155 4432 1255 4497 447,1.
1273 4431 1392 4496 45214.
1415 4431 1476 4495 455,
1489 4431 1514 4484 8.

185 4519 246 4584 485,
259 4517 302 4573 25.
322 4519 431 4585 515,14
449 4523 499 4576 eet.
