3156 5086
621 300 845 365 ,13-

176 494 309 574 1096,6
331 499 580 581 συμπέπλεκται
601 496 662 583 ηᾶρ
685 491 735 573 οἷς
758 497 852 574 ἄξιον
873 498 959 580 ύμᾶς
985 503 1114 565 παθεῖν
1142 501 1176 565 πὶ
1206 511 1402 591 προσῆκον

63 591 117 664 ῶν
140 598 200 683 ἐμὲ
222 603 348 669 δικαιόν
371 603 440 671 ἐστι
461 615 579 680 ποιεῖν,
600 603 640 669 N.
663 602 751 678 1110,
774 602 874 673 Mufd.
896 614 1071 694 προσῆκον.

175 708 310 786 1101,3
332 710 470 788 ἐλπίζων
495 713 532 776 δὲ
556 712 576 800 r}
599 712 684 797 φιλο
713 709 761 776 ἔτι
783 713 852 776 ὄντα
876 713 1037 798 φυλάξειν
1061 748 1100 759 -
1124 731 1165 777 su
1194 713 1334 797 στρατόν
1359 749 1397 759 -

64 816 87 900 ἢ
110 816 335 899 πολεμοῦντος
355 819 500 908 μεγύλην
520 817 616 902 ἰσχύν
631 817 896 905 προσλήψεσθαι,
920 815 1052 882 Schwrv.
1082 818 1126 894 ‚si
1141 818 1174 882 in
1190 817 1316 884 amiciis
1331 838 1400 901 per·

64 923 214 1000 maneret,
246 942 279 987 se
309 923 339 988 ei
369 923 441 988 illas
471 913 573 1007 ennius
596 926 861 1001 conservaturum
894 925 942 988 sin
966 923 1081 989 bellum
1111 925 1258 1010 agitaret,
1288 945 1401 1011 magno

65 1027 174 1092 robure
196 1031 327 1096 contra
350 1050 431 1095 eum
454 1050 487 1096 se
509 1033 636 1096 auctum
658 1031 726 1094 iri‘

175 1137 315 1216 1143‚5
338 1148 492 1223 χειμῶνος
515 1138 735 1226 ἐτεθνήκεσαν
757 1136 884 1203 Schwfc.
912 1137 978 1204 ύπί.
1004 1149 1173 1222 χειμῶνος,
1202 1137 1334 1215 llius
1358 1139 1400 1217 οἷς

65 1242 123 1308 ἐπὶ
153 1245 358 1334 Μηνοδώρου
388 1245 514 1332 θήραν,
543 1245 619 1310 unc.
649 1246 784 1310 ceterum
812 1263 901 1309 uersu
931 1244 1127 1310 antecedente
1148 1244 1193 1310 M.
1216 1244 1295 1310 fnlsu
1323 1243 1402 1309 mihi

63 1348 189 1414 videtur
211 1351 367 1434 scripsisse
390 1351 427 1417 ἐκ
445 1361 508 1418 τῶν
522 1351 608 1438 σ’ρῶν
621 1351 841 1437 καθορώντων
855 1356 910 1417 καί
932 1351 1186 1438 καταθορόντων
1201 1349 1300 1419 Schw.
1320 1353 1402 1417 recte

65 1455 106 1523 ἐκ
129 1468 196 1524 τῶν
217 1458 303 1544 ὀρῶν
316 1459 585 1546 καταθορόντωνς
607 1478 680 1522 nam
703 1456 869 1538 scripturae
886 1457 922 1524 V.
944 1459 977 1522 ei
998 1478 1018 1522 a
1039 1477 1075 1523 ex
1097 1457 1294 1524 antecedente
1317 1456 1403 1544 δρῶν

63 1563 185 1629 lihrarii
209 1583 308 1631 errore
329 1566 472 1631 uidentur
494 1583 560 1631 esse
582 1567 675 1630 oriae.

173 1671 283 1737 Artius
304 1673 385 1737 inter
407 1692 439 1737 se
460 1671 622 1737 cohaerent
642 1670 701 1735 luci
725 1670 859 1745 644,14
883 1670 983 1760 (νίκης
998 1674 1020 1760 ή
1035 1671 1265 1758 πανωλεθρίας
1287 1671 1401 1756 μέσον)

43 1780 143 1857 .741,
163 1780 204 1844 19
227 1780 299 1861 (τοῦ
324 1787 500 1870 Πομπηίον
524 1780 582 1845 τὸν
596 1780 720 1862 1Ἀλωρα
742 1779 894 1859 ποταμὸν
915 1776 951 1844 ἐν
977 1785 1065 1864 με’σω
1087 1776 1242 1862 θέμενος)
1267 1777 1341 1856 759,
1358 1778 1400 1843 25

65 1885 115 1968 (ἐς
138 1887 176 1954 τὸ
200 1888 323 1970 μεταξύ
342 1886 519 1970 Φαρσάλου
543 1911 579 1953 τε
601 1885 727 1962 πόλεως
749 1888 805 1951 καὶ
816 1884 969 1962 Ἐνιπέως
991 1885 1167 1969 ποταμοῦ).
1185 1920 1228 1930 -
1243 1883 1322 1949 Item
1343 1884 1400 1951 1οεί

66 1993 143 2072 686,
169 1994 220 2060 19.
249 1993 311 2079 (ἔτι
338 2003 402 2058 τῶν
429 1992 544 2060 Σύλλα
570 1995 627 2058 καὶ
648 1999 783 2076 Μαρίου
814 2000 922 2056 κακῶν
948 1991 1188 2078 ἀναφέροντες,
1217 1989 1305 2055 vHic.
1341 2001 1402 2057 τῶν

65 2098 136 2185 ἐπὶ)
161 2101 236 2178 945,
254 2102 271 2164 7
297 2100 394 2182 (κατα
415 2099 550 2169 Σύλλαν
571 2104 626 2166 καὶ
648 2100 789 2184 Μύρων,
813 2091 858 2163 ῶν
880 2097 997 2180 ὁμοίως
1021 2097 1061 2163 τὰ
1085 2096 1314 2182 γνωριμώτατα
1340 2109 1402 2163 τῶν

65 2215 186 2281 κακῶν,
208 2205 298 2289 Μίο.)
324 2207 433 2285 722,1
460 2207 537 2291 (τῶν
559 2213 695 2291 Μαρίου
719 2210 774 2271 καὶ
796 2204 909 2272 Σύλλα
931 2213 1048 2280 κακῶν,
1071 2203 1145 2270 Mic.
1173 2213 1234 2270 τῶν
1256 2202 1337 2285 ἐπὶ),
1361 2204 1400 2268 ef.

65 2312 149 2378 locos
173 2313 248 2391 567,
268 2315 297 2389 7,
314 2314 367 2378 23.
393 2313 528 2392 720,19
553 2311 643 2393 (Mfd.
667 2314 788 2395 κακῶν)
813 2312 887 2389 808,
905 2312 935 2377 3.
961 2310 1036 2386 821,
1053 2311 1106 2376 24.
1131 2347 1173 2357 -—

178 2420 252 2498 749,
269 2420 308 2484 11
328 2420 383 2486 τὸν
400 2421 507 2504 φόβον
523 2430 576 2508 τῆς
591 2420 696 2508 ἥττης,
719 2417 793 2483 Mic.
810 2416 855 2483 ε’κ.
874 2418 948 2494 588,
966 2418 987 2481 3
1002 2417 1087 2484 κατὰ
1103 2418 1203 2495 δόξαν
1223 2417 1401 2504 είκαρπίας

67 2527 203 2607 670,16
227 2528 263 2593 τὸ
280 2536 441 2613 σφέτερον
462 2527 557 2604 α’δεὲς
580 2519 625 2591 οἷν
642 2536 684 2613 τῷ
699 2525 811 2618 Σύλλᾳ
829 2523 1130 2611 συνεπεπράχεσαν.
1155 2524 1231 2602 555,
1252 2523 1300 2588 17.
1326 2527 1402 2607 περὶ

66 2633 172 2716 μόνας
195 2633 314 2721 ἡττᾶτο
338 2634 397 2712 τὰς
420 2643 484 2699 τῶν
505 2642 664 2718 γυναικῶν
685 2632 814 2721 ήδονοὶς.
839 2631 988 2706 996,15.
1017 2629 1097 2718 ε’λὲῳ
1121 2640 1175 2720 τῆς
1199 2631 1325 2708 πόλεως
1348 2633 1402 2696 καὶ

66 2744 259 2832 προμηθείᾳ
284 2748 422 2826 τροφῶν,
445 2739 521 2805 MrS.
545 2738 650 2803 eontra
673 2737 771 2804 Suhw.

178 2847 311 2925 780,15
339 2846 424 2911 κατὰ
454 2845 553 2922 δόξαν
582 2855 646 2912 τῶν
675 2844 834 2912 ἐπιόντων
864 2854 922 2909 τοῦ
953 2867 988 2909 τε
1018 2843 1169 2931 πλήθους
1198 2847 1253 2911 καὶ
1282 2847 1402 2930 α’ρετής

67 2953 211 3036 μάλιστα
241 2963 305 3021 τῶν
326 2952 489 3036 Νομάδων
518 2953 661 3026 ἱππέων,
692 2951 767 3017 Mfo.
792 2950 898 3034 Zippel
934 2933 973 3015 fu.
1006 2958 1064 3016 τοῦ
1094 2974 1130 3016 τε
1159 2950 1312 3039 πλήθους
1340 2959 1403 3016 τῶν

69 3059 240 3138 ἐπιόντων,
263 3060 302 3127 uf.
328 3060 458 3139 787,15
487 3060 571 3125 κατὰ
600 3060 700 3137 δόξαν
730 3068 791 3125 τῶν
820 3060 987 3140 πολεμίων
1017 3065 1076 3122 τοῦ
1107 3080 1141 3123 τε
1171 3054 1321 3147 πλήθους
1348 3058 1403 3123 καὶ

70 3167 234 3257 ἀσκήσεως
257 3165 354 3252 (Nf0.)
366 3168 390 3251 ¹)

179 3276 251 3353 704,
270 3276 311 3339 16
337 3273 454 3364 ταύτης
479 3275 514 3338 δὲ
530 3281 661 3338 σκοπῶν
675 3272 816 3360 ἡγοῦμαι
839 3279 894 3360 τῆς
910 3269 1102 3358 προσθήκης
1118 3269 1273 3359 ἀφορμήν
1289 3270 1403 3351 λαβεῖν

72 3380 284 3470 ἐγχειρήσεως
307 3379 405 3445 Schu.
430 3378 514 3452 Mic„
539 3377 691 3442 sententia
714 3374 795 3442 inest
817 3376 905 3441 haec:
935 3375 1111 3457 „quaerenti
1134 3377 1278 3460 (σκοπῶν
1292 3374 1329 3440 Α.
1347 3374 1402 3456 V!)

72 3487 148 3552 mihi
172 3485 312 3551 videniur
335 3486 373 3549 ab
397 3485 451 3550 illo
474 3484 681 3550 additamento
705 3482 738 3569 (i.
757 3502 781 3550 e.
799 3483 913 3566 arogis
929 3481 1064 3567 nomine)
1088 3479 1312 3547 occasionem
1330 3481 1401 3566 (nun

76 3592 254 3675 mensam«)
282 3592 406 3673 petiisse
435 3589 633 3677 aggrediendi
661 3589 777 3673 ουσαν
805 3587 1019 3674 (interficiendi
1043 3586 1203 3670 Caesaris).
1236 3587 1267 3666 ἐς
1290 3607 1315 3651 e.
1340 3605 1401 3653 ece.

72 3699 203 3782 legimus
220 3698 293 3776 754,
306 3701 357 3777 25,
373 3697 428 3764 ubi
443 3698 530 3775 Mfd.‚
556 3717 583 3762 v.
598 3696 668 3763 Hic.
686 3698 728 3774 ῶς
743 3695 939 3785 προσθήκην
955 3695 1073 3786 ῥοπήν)
1097 3695 1170 3772 607,
1187 3696 1207 3758 2
1223 3699 1402 3780 Νουκερίας

74 3806 112 3871 τοὶ
143 3805 179 3872 ἐν
210 3805 325 3893 κύκλῳ.
373 3806 493 3883 821,3
524 3803 765 3888 διαβαλλόντων
795 3802 879 3892 ἡμᾶς
909 3803 941 3881 ἐς
972 3790 1080 3869 αἰτίαν
1108 3801 1248 3886 ἀπορίας
1278 3799 1403 3890 εἰρήνης

74 3911 252 3999 ἄσφαλοῦς.

179 4020 291 4098 668,3
314 4019 404 4094 Μ1ο.;
427 4017 563 4106 ἀφόβως
586 4019 703 4104 ἑτέρων
721 4045 758 4073 --
776 4016 856 4082 ἄνευ
881 4015 989 4103 φόβου
1015 4016 1134 4103 ἑτέρων
1152 4043 1188 4069 =
1208 4015 1320 4080 ceteros
1344 4031 1402 4079 non

75 4124 224 4191 timentes.
956 4206 960 4215 1

174 4232 305 4298 liniaret
331 4227 459 4312 deniqne
485 4231 645 4315 genetivus
672 4229 838 4295 obiectivuu
862 4229 936 4309 875,
954 4230 983 4308 9,
1008 4226 1067 4293 nisi
1095 4226 1184 4291 verba
1208 4235 1261 4313 τῆς
1284 4228 1403 4316 βουλῆς

76 4338 249 4404 ovensibus
274 4337 383 4404 10.11
408 4336 611 4419 immiscent,
635 4337 673 4401 cf.
699 4336 809 4414 88⁰,8
834 4334 900 4420 (ubi
925 4344 980 4423 τῆς
1003 4333 1201 4421 προφάσεως
1217 4352 1276 4399 non
1292 4333 1402 4415 depen-

77 4481 284 4490 -.-..-...---

182 4550 203 4618 1)
239 4548 271 4603 ef.
291 4548 322 4603 de
341 4548 462 4604 articulo‘.
