3156 5086
691 258 950 367 &ro-.-

282 500 414 580 85712
439 484 512 566 ἐπεὶ
534 501 588 565 καλ
612 507 675 565 τῶν
697 497 832 564 ἰδιωτῶν
853 499 989 575 πολλοῖς
1011 498 1261 589 α’μφισβητοῦσί
1279 521 1331 566 σοι
1353 497 1433 565 καθ’
1450 494 1510 564 ἕνα

177 619 229 697 τῆς
253 608 365 685 ούσίας
388 606 448 672 ούκ
471 604 624 695 ἀδήριτον
647 605 753 695 αὐτὴν
775 603 858 690 ἔχων
881 604 991 689 γνώσῃ,
1016 603 1061 671 St.
1085 605 1137 670 Mf
1156 657 1162 672 .

284 715 420 792 897,18
445 712 670 779 κινδυνεύουσι
692 723 760 789 τοῖς
782 723 903 788 κοινοῖς
925 711 1066 795 (fortasse
1088 711 1183 778 etiam
1207 713 1303 792 1088,
1320 712 1363 795 4).

280 820 377 901 Quem
393 819 530 884 dativum
547 819 687 902 Appiano
704 818 870 884 attribuere
885 838 945 884 non
960 819 1077 898 dubito,
1102 820 1265 903 respiciens
1279 840 1372 886 usum
1388 819 1509 904 Thucy·

174 929 298 994 dideum
322 926 373 1010 (ci.
390 926 445 992 Kr.
464 928 482 1010 ς
498 925 550 1002 48,
570 927 643 1003 5,1.
668 925 708 992 Κ.
726 926 766 990 lI.
785 927 879 1009 668);
904 945 963 1009 quo
985 927 1103 992 accedit
1123 927 1249 992 fortasse
1272 927 1405 992 imitatio
1421 926 1510 992 abla-

172 1036 229 1101 tivi
253 1034 385 1101 absoluti
406 1033 586 1098 Latinorum
611 1033 662 1117 (ci.
687 1033 726 1097 ad
751 1033 884 1113 1115‚8
908 1033 945 1098 de
968 1034 1140 1101 accusativo
1163 1034 1194 1099 et
1217 1033 1302 1100 Stich
1325 1054 1354 1117 p.
1373 1034 1462 1119 146).

280 1143 348 1206 Pro
372 1139 541 1223 genetivo
572 1139 701 1223 deniquo
732 1139 854 1205 dativus
883 1140 967 1205 extat
991 1142 1064 1218 795,
1082 1143 1124 1207 29
1155 1140 1225 1224 (καί
1246 1142 1307 1228 γὰρ
1335 1140 1426 1229 αύτῷ
1454 1142 1511 1207 καὶ

173 1261 253 1327 παῖς
277 1247 437 1332 ἐνομίζετο
461 1241 547 1314 εἶναι
562 1245 656 1329 Nic).
697 1247 840 1324 831,17.
867 1247 1001 1328 714,16
1025 1248 1077 1332 (cf.
1104 1247 1249 1332 706,17)
1273 1246 1509 1328 911‚19‚qui-

172 1358 230 1422 bus
253 1356 285 1421 in
307 1354 381 1421 locis
403 1352 477 1418 Mfo.

584 1565 651 1684 3⁴¹)
682 1567 754 1663 De
785 1567 1101 1667 nominativo.

279 1761 510 1828 Nominativum
532 1760 679 1825 tractanti
702 1759 779 1825 mihi
802 1780 862 1826 non
885 1763 932 1827 est
954 1761 1035 1845 quod
1055 1760 1205 1845 proferam
1228 1760 1288 1824 nisi
1310 1762 1410 1826 extme
1434 1781 1508 1827 non·

173 1870 267 1936 nullis
289 1869 422 1951 Appiani
444 1866 517 1933 locis
540 1866 764 1931 nominativum
787 1867 1012 1934 absolutum:

280 1978 332 2054 29,
351 1976 392 2039 12
418 1974 451 2053 ές
465 2010 508 2021 -
524 1983 629 2060 χώραν
652 1973 787 2050 τούτους
811 1975 1054 2060 συγκλείσαντες
1069 1976 1102 2038 οί
1115 1981 1276 2041 Σαυνῖται
1292 2009 1335 2020 -
1350 1977 1406 2040 καὶ
1425 1976 1509 2061 λιμῷ

174 2088 370 2168 πιεζουμένων
388 2083 561 2165 Ῥωμαίων,
586 2081 619 2144 οἱ
640 2082 814 2169 στρατηγοί
837 2120 877 2129 -
902 2081 1114 2165 παρεκάλουν
1137 2079 1194 2146 τὸν
1216 2080 1367 2149 Πόντιον.

281 2188 414 2265 10286
445 2185 629 2253 ἐθελόντων
658 2223 700 2232 -
730 2185 963 2273 προεκτρύχειν
990 2187 1066 2263 τούς
1097 2187 1289 2270 πολεμίους,
1321 2185 1416 2254 αύτοδ
1445 2186 1509 2271 μὲν

174 2295 300 2381 ἔχοντες
320 2295 434 2362 Ἀσίαν.
1350 2312 1355 2320 ’

281 2402 377 2479 1028,
395 2402 414 2465 8
439 2411 506 2478 τοῖς
523 2399 559 2466 δὲ
575 2402 742 2482 πολεμίοις
759 2399 855 2464 οὐδέν
871 2401 909 2465 δν
928 2400 1066 2486 δαψιλές
1089 2398 1165 2482 (ubi,
1190 2420 1227 2466 ne
1250 2400 1507 2465 accusativum

174 2509 347 2575 absolutum
370 2507 516 2583 statuam,
542 2505 672 2588 impedit
695 2525 744 2570 me
767 2505 973 2570 nominativus
997 2506 1155 2572 absolutus
1177 2526 1205 2572 v.
1231 2507 1274 2590 6).

280 2614 392 2689 4789
422 2615 457 2679 τδ
486 2614 548 2697 μὲν
578 2612 669 2699 ἔργον
691 2607 732 2703 ἦν
755 2613 932 2707 τῷ.Σύλλρι
957 2615 1099 2703 διηνεκές
1127 2612 1322 2698 έμπίπτοντι
1343 2650 1399 2691 --,
1423 2614 1508 2700 ὁρμῇ

174 2725 200 2787 δ’
225 2721 387 2808 α’παύστῳ
412 2758 451 2766 -
476 2719 647 2806 χρώμενος,
670 2726 731 2786 καί
748 2727 911 2806 περιθέων
936 2755 973 2764 -
999 2721 1054 2785 καὶ
1077 2721 1284 2806 παρακαλῶν,
1308 2717 1438 2786 Schwfo.

281 2827 354 2904 831,
371 2827 413 2890 23
436 2826 515 2902 νεώς
538 2825 643 2891 αὐτοῦ
667 2833 843 2912 Καίσαρος,
867 2831 969 2891 θείων
993 2835 1092 2909 τιμῶν
1114 2826 1317 2911 α’ξιούμευος,
1341 2826 1415 2892 Mfo.
1440 2826 1507 2906 α’ξι-

174 2943 324 3019 ονμένου.

280 3041 358 3117 570,
377 3038 395 3102 7
423 3041 478 3105 καὶ
500 3042 545 3105 niv
568 3039 622 3105 αἐδ
644 3040 736 3124 παρα
756 3039 919 3123 Ῥωμαίοις
943 3040 960 3105 δ
984 3039 1118 3113 κωλύων
1140 3039 1359 3124 δυνατώτερος
1387 3038 1509 3125 (Zippel

172 3146 193 3212 f.
218 3167 241 3210 c.
265 3151 320 3213 καὶ
343 3141 431 3229 οὖν),
463 3163 555 3237 quern
584 3145 622 3209 ad
652 3147 751 3210 locum
776 3145 818 3211 M.
843 3166 868 3211 r.
899 3146 1071 3228 improbata
1101 3145 1269 3211 mutatione
1291 3146 1508 3212 Duebneriana

58 3315 60 3319 .
172 3252 346 3329 adnotavit,
378 3251 605 3317 nominativum
618 3281 620 3285 ·
634 3251 809 3317 absolutum
839 3251 973 3333 positum
1004 3270 1067 3316 esse
1091 3252 1226 3335 exemplo
1250 3253 1421 3319 Herodoteo
1452 3255 1505 3336 (c.

174 3358 260 3424 Stein
284 3359 340 3424 ΙΙΙ.
363 3358 480 3435 16,13.
505 3358 530 3422 Ι.
549 3357 601 3422 51.
620 3357 712 3440 178),
737 3356 815 3438 quod
840 3376 910 3421 cum
934 3357 1149 3435 intellexisset,
1174 3360 1253 3423 recte
1275 3359 1391 3423 tradita
1413 3361 1508 3426 verba

172 3466 301 3530 retinuit
331 3466 411 3542 721,
430 3464 458 3528 7.
491 3463 607 3541 776,9
638 3464 754 3546 (contra
783 3462 848 3529 Mu.
881 3464 912 3527 et
942 3463 1056 3543 Schu,
1086 3464 1196 3530 collato
1225 3464 1290 3531 loco
1321 3465 1508 3550 Herodoteo)

173 3572 247 3648 903,
266 3573 317 3635 24.
337 3572 410 3651 798,
432 3572 480 3647 17,
505 3570 632 3634 retinere
648 3570 724 3634 falso
741 3569 894 3634 dubitavit
912 3571 984 3646 142,
1002 3572 1044 3634 29
1060 3569 1148 3656 (ἐμοὶ
1163 3609 1206 3617 -
1223 3571 1329 3639 εἰπεῖν
1349 3571 1507 3664 ἐπῆλθεν,

173 3677 204 3754 ές
222 3678 279 3768 τὴν
296 3677 466 3765 ὀλιγότητα
481 3711 525 3722 —-
541 3676 678 3764 οίφορών
693 3700 728 3742 τε
743 3679 799 3742 καὶ
814 3678 882 3755 cet,
906 3674 997 3742 Stfm.
1015 3678 1047 3741 in
1063 3679 1252 3767 ἀφορῶντι),
1276 3698 1347 3745 cum
1366 3682 1461 3758 1088,
1474 3682 1506 3747 4.

57 3801 60 3808 ·
173 3783 239 3865 (ubi
263 3781 360 3848 Schvv.
390 3783 460 3847 ante
488 3783 731 3867 ἀσθενεστέραν
760 3784 842 3846 recte
866 3782 1116 3864 interpunctionis
1144 3784 1266 3868 signum
1295 3806 1362 3852 non
1390 3786 1507 3869 posuit)

173 3889 393 3954 nominativum
418 3888 594 3954 absolutum
618 3890 790 3955 coniciendo
814 3889 908 3954 etiam
934 3890 1072 3974 Appiano
1095 3891 1279 3957 attribuerit.
1319 3891 1387 3957 Non
1403 3893 1507 3976 magis

171 3997 253 4060 recte
276 3995 458 4078 scripturam
482 3996 629 4060 traditam
653 3996 825 4080 repudiavit
840 3995 915 4071 973,
934 3996 974 4061 15
999 3997 1202 4081 (Οὐεντίδιον
1225 4000 1261 4064 δὲ
1276 3999 1506 4089 ἀπελεύθερος

172 4102 277 4180 εὐθύς
298 4104 360 4187 μὲν
382 4111 615 4189 προγραφέντα
638 4107 812 4193 κατέδησεν
834 4105 877 4182 oie
894 4105 1098 4191 παραδώσων
1113 4116 1181 4183 τοῖς
1197 4118 1366 4194 σφαγεῦσι,
1389 4108 1506 4184 νυκτδς

173 4209 208 4273 δὲ
233 4209 539 4293 τούςθερυίποντας
564 4208 673 4275 ἔπεισε
696 4214 751 4276 καὶ
766 4210 943 4277 ἐσκεύασεν
966 4210 998 4288 ἐς
1023 4212 1166 4289 ὁπλίτας,
1191 4215 1247 4278 καὶ
1270 4215 1327 4281 τὸν
1343 4213 1506 4303 δεσπότην

172 4313 211 4391 ώς
235 4316 373 4400 λοχαγὸν
389 4314 536 4402 ἐξήγαγε·
555 4315 612 4403 τήν
627 4340 662 4381 τε
678 4317 781 4406 ἄλλην
792 4316 929 4383 Ἰταλίαν
951 4326 1045 4405 μέχρι
1068 4321 1216 4396 Σικελίας
1240 4320 1426 4399 διώδευσαν,
1449 4324 1506 4387 καλ

172 4422 412 4505 συγκατέλυσαν
435 4420 589 4498 πολλάκις
612 4423 733 4508 ἑτέροις
756 4427 918 4508 λοχαγοῖς,
941 4426 1120 4513 ζητοῦντες
1146 4425 1346 4503 Οὐεντίδιον,
1375 4425 1503 4492 Schuf.

171 4529 326 4617 ζητοῦσιν,
350 4526 443 4593 Muto.
469 4528 510 4605 ὡς
532 4530 725 4618 ζητοῦντες),
750 4530 802 4594 ubi
826 4530 975 4612 quomodo
998 4531 1238 4614 intellegendum
1261 4531 1304 4597 sit
1325 4537 1504 4623 ζητοῦντες,
