3156 5086
676 265 897 328 ..46-

227 460 321 536 1047,
340 457 381 519 15
399 457 475 535 τούς
492 458 527 524 δέ
543 457 716 546 ἀπατήσας
732 450 794 524 ὧδέ
811 478 862 523 σοι
877 457 1022 543 ποίρειμι,
1047 454 1150 521 Oobfc.
1168 457 1232 534 ὅδε,
1249 453 1287 520 ef.
1306 456 1382 532 692,
1401 454 1453 536 4¹)

120 567 208 651 (Mrs.
233 567 337 631 eontra
360 563 508 647 Sanam)

226 675 299 751 601,
318 673 358 736 13
383 670 422 736 οὐ
439 672 567 754 θαμινὰ
585 670 720 758 προϊοίνς
743 671 810 735 ἀλλ’
829 669 922 737 ἔνδον
938 669 973 736 έν
988 668 1161 755 περιποίτην
1172 721 1179 734 .
1192 719 1219 733 ..
1245 672 1453 758 χρηματίζων,

119 779 190 846 Nfd.
216 779 317 847 ἔνδον.
993 784 1003 800 ”

227 887 300 965 140,
318 886 360 948 26
384 887 674 959 κακοπαθοῦντες
699 881 732 959 ές
756 879 888 947 τοσόνδε
911 890 1041 956 κακοῦ,
1065 881 1140 945 Mra.
1164 882 1271 946 eontra
1294 880 1329 946 R.

227 994 301 1070 805,
320 992 360 1055 15
385 995 452 1057 δέει
475 999 534 1055 τοῦ
556 989 601 1080 μὴ
614 1040 621 1055 .
633 1042 640 1055 .
654 1039 680 1055 ..
706 991 981 1078 πεπολεμηκέναι.

229 1100 361 1178 1082,9
385 1105 611 1182 νομιμωτέραν
634 1096 738 1184 οἲρχην
760 1093 968 1181 παρανόμου,
992 1094 1093 1160 Mfd.‘l

226 1207 339 1286 488‚4
364 1207 475 1271 τέλεον
498 1204 534 1270 τὸ
560 1203 653 1293 ἔργον
675 1205 878 1294 ἐξετελέσθη.
902 1202 987 1280 Mf0.,
1011 1201 1049 1268 ef.

230 1314 326 1391 1089,
346 1312 413 1388 6,7
438 1310 475 1377 τὸ
505 1312 595 1388 τέλος
620 1308 775 1376 ἐτελεύτα
786 1309 813 1393 3)
837 1310 868 1373 et
891 1310 966 1388 530,
983 1311 1025 1374 27
1057 1309 1088 1387 ἐς
1118 1309 1215 1376 οὐδέν
1243 1314 1452 1391 βέβαιον...

121 1423 210 1498 τέλος
234 1418 354 1509 ἔληξεν,
377 1417 452 1483 Mf0.

228 1524 359 1602 948,11
386 1523 561 1610 ἐγείροντες
585 1522 654 1588 α’πὸ
678 1533 739 1588 τοῦ
762 1523 879 1597 ὕπνον,
903 1521 976 1586 Mf0.

232 1630 362 1711 15218
388 1631 421 1696 οἱ
442 1629 471 1694 δ’
496 1628 531 1695 έν
554 1630 645 1696 ἄστει
662 1629 822 1712 Ῥωμαῖοι,
845 1628 919 1694 Nfd.

226 1740 302 1806 Jam
323 1737 420 1803 restat
442 1737 544 1801 loeus
568 1735 690 1814 172,1,
715 1736 752 1800 de
775 1754 835 1818 quo
857 1734 960 1818 paullo
984 1733 1083 1798 dicam
1107 1734 1292 1800 accuratius:

228 1844 345 1910 Schw.1
367 1844 463 1928 igitur
489 1842 522 1906 in
550 1842 649 1907 verbis
674 1842 716 1919 ὥς
739 1846 781 1909 ἄν
804 1841 836 1918 ἐς
859 1850 1032 1934 κυνηγέτας
1056 1840 1195 1922 offendit,
1224 1844 1316 1925 quod,
1345 1863 1453 1926 quam-

121 1970 212 2033 quam
236 1952 362 2016 verbum
385 1950 550 2025 σκευάζειν
573 1949 698 2029 perapte
720 1947 954 2031 coniungeretur
977 1968 1047 2013 eum
1062 1948 1284 2029 praepositione
1309 1949 1341 2027 ές
1357 1948 1455 2032 (velut

122 2059 339 2137 972,10,19.
366 2057 511 2132 967,12,
536 2055 573 2120 of.
599 2054 691 2119 etiam
717 2055 829 2133 61,16
853 2055 884 2120 et
907 2055 982 2132 201,
1001 2056 1056 2139 18)
1079 2057 1121 2133 ὠς
1145 2060 1187 2122 do
1202 2056 1234 2135 ἐς
1249 2058 1404 2123 vereretur
1418 2058 1455 2123 ut

120 2165 191 2231 ferri
221 2165 336 2246 posset3
366 2161 584 2245 proposuitque
613 2162 786 2244 comparato
816 2160 881 2227 loeo
913 2162 1067 2240 973,12,
1096 2161 1149 2227 ubi
1179 2165 1347 2240 σκευάζειν
1373 2164 1454 2229 ooni-

120 2273 247 2336 unetum
271 2270 385 2353 legitur
400 2289 471 2334 oum
486 2269 529 2346 dg
545 2269 595 2347 (of.
613 2270 687 2345 866,
706 2268 735 2334 1.
761 2269 835 2345 330,
855 2269 887 2353 2)
911 2269 1054 2350 sequente
1070 2270 1243 2336 accusativo
1258 2309 1301 2318 —
1317 2272 1451 2336 aeterum

121 2377 215 2443 miror
238 2376 318 2459 quod
340 2375 445 2441 eodem
468 2375 533 2439 loeo
556 2375 638 2440 idem
662 2373 775 2452 sehon,
799 2374 840 2439 II.
864 2393 894 2456 p.
919 2374 993 2454 591,
1017 2394 1045 2440 v.
1063 2376 1104 2440 26
1129 2376 1209 2454 adn,
1235 2378 1456 2460 amplerus'est

122 2483 154 2561 ές
171 2483 264 2566 (qnod
279 2482 395 2565 recepit
409 2482 469 2564 Μ.)
483 2520 520 2529 -
533 2480 727 2546 scribendum
738 2500 802 2545 esse
814 2483 931 2548 ὥσανεὶ
946 2491 1133 2572 κυνηγέτας;
1150 2485 1323 2564 quatamen
1339 2485 1454 2549 eoniee-

120 2591 206 2668 tura,
230 2589 368 2670 quamvis
392 2589 491 2652 lenem
515 2589 664 2654 statueret
687 2587 904 2671 corruptelam,
928 2606 1033 2653 veram
1056 2590 1259 2671 corruptelam
1283 2590 1380 2656 editor
1402 2591 1455 2656 ille

121 2695 198 2760 mihi
214 2715 273 2760 non
296 2695 417 2760 videtur
439 2694 649 2779 investigasse.
689 2695 733 2759 M.
750 2695 854 2759 autem
869 2714 939 2761 oum
956 2694 1036 2759 delet
1059 2697 1101 2773 ὥς
1118 2700 1168 2773 ἄν,
1193 2697 1354 2762 violentius
1377 2699 1456 2762 mihi

121 2802 240 2867 videtur
256 2801 424 2883 procedere.
450 2801 662 2884 Corruptelam
672 2800 767 2885 igitur
781 2801 877 2865 latere
893 2820 929 2866 ne
945 2820 1000 2885 ego
1014 2801 1138 2882 quidem
1153 2805 1341 2886 negaverim
1354 2823 1455 2887 ,neque

121 2910 203 2974 enim
225 2909 324 2974 faeere
338 2927 473 2990 possum,
497 2908 647 2989 quintal,
671 2908 755 2990 quali
770 2908 942 2972 turbetur
965 2909 1163 2986 sententia,
1188 2911 1269 2975 huno
1292 2912 1392 2976 losum
1407 2911 1453 2975 la-

121 3017 227 3082 borare
242 3016 372 3080 iudicem
389 3017 575 3098 pleonasmo;
595 3015 776 3098 praesertim
791 3034 862 3079 oum
876 3015 979 3096 ipsum
996 3019 1037 3081 dv
1051 3015 1092 3081 sit
1106 3017 1299 3098 pleonasmus
1316 3018 1455 3099 quamvis

122 3123 298 3190 tolerabilis.
345 3121 426 3186 Nam
443 3123 524 3187 reete
540 3141 575 3186 ea
590 3141 667 3203 quae
682 3121 846 3186 traduntur
860 3121 1061 3204 interpretato
1078 3122 1139 3187 alia
1162 3123 1239 3187 mihi
1261 3144 1320 3189 non
1335 3124 1456 3189 videtur

123 3230 248 3294 evadere
263 3229 413 3293 sententia
428 3228 487 3293 nisi
502 3228 591 3293 haee:
620 3228 738 3308 ,induti
754 3229 840 3292 erant
855 3229 937 3292 veste
952 3227 1019 3306 tali,
1035 3231 1073 3292 ut
1087 3231 1243 3295 venatores
1259 3229 1355 3294 videri
1369 3229 1455 3295 vide-

121 3337 259 3401 rentur“.
305 3335 387 3400 Puto
402 3335 514 3412 autem,
539 3333 724 3417 Appianum,
749 3334 775 3399 si
799 3335 963 3410 σκευάζειν
978 3335 1159 3400 vocabulum
1178 3335 1400 3402 construetione
1416 3337 1454 3401 ab

120 3442 186 3525 ipso
208 3441 323 3506 usitata
337 3441 394 3506 hoo
417 3458 535 3522 quoqne
557 3439 622 3505 loeo
645 3440 690 3505 ita
704 3439 851 3506 voluisset
872 3460 1028 3524 usurpare,
1052 3442 1088 3505 ut
1111 3462 1179 3507 eum
1196 3460 1339 3523 personae
1362 3460 1454 3523 quam

122 3548 251 3613 dicimus
268 3547 438 3612 accusativo
449 3547 644 3612 coniunctum
654 3546 841 3631 signiticaret
855 3548 955 3626 ,veste
964 3547 1073 3612 induta
1083 3570 1114 3614 se
1124 3549 1156 3613 in
1166 3551 1299 3630 aliquem
1313 3549 1450 3614 mutare‘

122 3656 169 3721 vel
182 3658 281 3735 ,veste
291 3655 413 3718 mutata
422 3654 552 3736 speeiem
569 3653 880 3734 alieuiuspraebere“,
897 3653 1051 3718 dicturum
1060 3655 1155 3720 fuisse
1164 3657 1219 3720 aut
1234 3655 1265 3732 ές
1281 3663 1455 3745 κυνηγέτας

122 3762 188 3829 έοκ.
211 3763 265 3825 aut
280 3762 323 3838 ὣς
339 3770 512 3851 κυνηγέτας
528 3765 599 3836 don,
624 3779 701 3842 quae
717 3777 787 3824 eum
803 3759 937 3838 dixisset,
961 3761 1084 3826 etiamsi
1104 3761 1257 3827 omisisset
1272 3762 1454 3826 vocabulum

123 3872 172 3946 ἄν,
188 3867 287 3932 neseio
297 3888 336 3931 an
344 3866 469 3932 fallendi
480 3866 642 3947 notionem,
659 3886 737 3949 quae
747 3866 796 3931 hie
805 3866 979 3949 requiritur,
997 3868 1070 3933 satis
1080 3867 1284 3950 expressisset.
1301 3868 1454 3933 Neutrum

231 4080 253 4148 1)
272 4079 306 4130 ef.
326 4077 358 4132 de
375 4078 507 4146 particula
525 4070 574 4132 ὦδε
592 4077 625 4130 ad
646 4077 687 4142 14,
706 4079 722 4131 9
743 4077 790 4145 ,de
809 4076 1061 4132 coniunctionibus.“

228 4169 251 4238 2)
271 4167 394 4221 Ceterum
412 4167 497 4221 neseio
511 4183 544 4220 an
558 4167 630 4221 locus
649 4166 727 4231 1009,
741 4167 774 4219 21
796 4166 893 4222 (καὶτὸ
909 4173 956 4234 μὲν
974 4167 1001 4222 ἐν
1019 4166 1052 4238 ιη’)
1069 4166 1175 4238 θεάτρῳ
1192 4168 1334 4239 γενόμενον
1351 4168 1455 4226 τοιόνδε

123 4249 162 4340 ἦν,
181 4263 330 4328 κεκλημένοι
349 4258 372 4310 δ’
392 4257 434 4311 ἐπὶ
452 4263 557 4328 νέμησιν
578 4257 639 4312 τότε
661 4256 707 4328 γης
726 4256 752 4319 ές
770 4255 798 4309 τὸ
819 4262 911 4311 πεδίον
929 4256 958 4310 τὸ
975 4255 1069 4326 Ἄρειον
1091 4255 1144 4309 ὑπὸ
1162 4256 1281 4328 ἶσπονδῇς
1304 4261 1340 4312 ἔτι
1363 4260 1455 4324 νυκτὸς

122 4345 255 4416 ἀφίκοντο)
276 4346 365 4399 sanari
388 4345 471 4415 possit
496 4345 621 4400 collocato
644 4345 705 4402 τότε
723 4347 783 4415 post
801 4345 860 4415 γῆς,
883 4344 1036 4413 praesertim
1060 4361 1119 4398 eum
1137 4347 1282 4413 sequantur
1305 4345 1384 4401 verba
1402 4347 1453 4403 ὑπὸ

123 4434 237 4503 σπονδῆς
255 4437 302 4488 ἔτι
320 4433 440 4498 νυκτός,
459 4449 526 4503 queo
543 4435 708 4502 premuntur.

229 4523 253 4590 3)
272 4522 304 4576 ef.
325 4521 356 4574 de
375 4522 418 4590 fig.
438 4522 543 4592 etymol.
