3156 5086
674 273 894 338 ..40-

226 467 268 529 In
291 465 484 530 infinitivo
507 482 627 546 quoque
650 464 772 548 saepius
794 466 950 531 invenitur
972 465 1114 531 attractio
1124 465 1145 549 ¹)
1173 465 1218 529 ita
1239 464 1276 529 nt
1298 464 1451 548 participii

119 571 277 638 cniusdam
301 591 371 637 cum
394 592 429 637 οο
452 570 655 654 coniungatur
679 573 733 636 ant
754 572 930 657 genetivuS‚
954 572 1049 637 veluti
1081 563 1155 649 918,
1183 573 1200 635 7
1226 576 1391 649 (Λεπίδου
1417 573 1451 634 δέ

124 679 182 766 τήν
203 678 265 763 μὲν
285 678 409 766 βουλήν
433 679 608 763 δεδιότος.
635 727 642 742 .
669 729 690 754 .,
721 680 987 764 ὑπισχνουμένου
1012 683 1038 744 δ’
1066 681 1151 763 ὅμως
1183 678 1223 745 οό
1252 679 1453 770 πολεμήσειν

121 785 282 862 ἐπιόντος,Ι
302 783 377 850 Mis,
402 783 533 862 ἑκόντος
557 784 663 848 contra
678 783 823 868 Musg’r.),
847 785 901 851 aut
925 785 1046 850 dativus
1070 786 1135 870 (52,
1161 784 1203 849 25
1229 779 1278 864 οἶς
1303 783 1452 852 ἐδίδοσαν

120 894 181 974 μέν
203 887 289 958 εἶναι
312 892 429 977 φίλους.
456 891 529 969 620,
548 891 600 956 20.
626 890 702 969 270,
720 893 762 957 26
786 892 880 976 aliis).

227 995 377 1061 Numeri
394 996 572 1063 attractio
583 1016 663 1062 nem
678 998 821 1064 exhibent
835 1000 893 1065 loci
911 1000 986 1080 904,
1005 1001 1024 1063 6
1042 998 1237 1082 (συνειδότες
1252 1023 1287 1065 τε
1303 995 1452 1086 ἀλλήλοις

121 1104 158 1170 τό
182 1103 354 1191 κράτιστον
385 1103 427 1179 ὥς
457 1104 508 1193 εἴη
538 1113 592 1195 τῆς
625 1105 781 1190 ἐκατέρου
806 1117 975 1194 στρατιᾶς,
1005 1104 1132 1170 Schwic.
1157 1101 1241 1178 εἶεν,
1271 1103 1340 1169 Nic.
1373 1099 1452 1178 ccicc,

121 1210 211 1293 Mfo.)
235 1211 266 1275 et
290 1210 364 1287 657,
390 1209 409 1273 7
434 1211 489 1287 (τά
512 1234 547 1277 τε
570 1211 763 1295 αἰχμάλωτα
788 1264 846 1279 ...
872 1214 1011 1291 Σόλλας,
1035 1215 1086 1280 ὅτι
1107 1221 1270 1280 Σαυνῖται
1293 1211 1328 1275 τό
1353 1211 1454 1276 πλέον

121 1313 177 1406 ἦν,
208 1315 467 1407 κατηκόντισεν),
498 1316 644 1400 generis
676 1318 756 1395 892,
782 1319 801 1383 9
832 1323 887 1387 καὶ
917 1328 1013 1407 γέρας
1042 1331 1110 1396 τοῖς
1132 1319 1294 1408 μηνύουσι
1316 1317 1454 1405 δεκάτην

122 1424 362 1515 ὑπεσχημένων,
386 1422 429 1514 ἢν
452 1423 710 1508 διπλασιάσομεν
732 1426 835 1511 ἡμεῖς,
858 1424 928 1495 Nic.
953 1428 982 1493 ό.

498 1616 591 1737 16)
638 1617 712 1715 ne
744 1619 1077 1740 brachylogia.

229 1813 451 1899 Brachylegiae
474 1813 612 1894 exempla
635 1811 717 1894 apud
739 1812 777 1879 A.
801 1813 884 1878 haud
907 1834 977 1879 rara
1001 1816 1081 1880 sunt.

136 1951 150 1984 x
231 1921 278 1986 Ac
299 1922 435 2005 primum
459 1918 584 2004 quidem
607 1919 683 1985 haec
705 1919 806 2003 figura
829 1939 888 1986 usu
911 1918 1052 1986 venitin
1075 1920 1243 2006 genetivo
1272 1938 1454 2002 compere-

124 2029 235 2115 tiv02)
259 2027 307 2092 his
331 2028 350 2092 5
373 2025 461 2093 locis:
486 2026 560 2104 177,
583 2026 603 2090 3
628 2025 764 2103 ἐλπίζων
786 2028 822 2092 δὲ
846 2027 921 2105 τούς
945 2029 1141 2119 στρατηγοδς
1164 2027 1274 2093 αἰτῶν
1296 2026 1366 2093 άπό
1393 2036 1452 2092 Κα·

124 2135 209 2227 πόης
240 2137 436 2222 ἀναστήσειν
458 2135 480 2224 ή
503 2131 603 2211 αὐτός
633 2158 663 2199 τι
686 2131 824 2224 Καπόης
851 2137 961 2218 μεῖζον
986 2134 1192 2220 ἐργάσεσθαι.
1225 2134 1305 2211 940,
1334 2135 1372 2196 16
1390 2116 1456 2200 Ικαὶ

124 2241 199 2309 τόδε
223 2244 262 2308 δι’
285 2243 371 2325 ὑμᾶς
395 2238 457 2325 οόχ
479 2231 579 2329 ἧσσον
601 2240 694 2330 ήμῶν
718 2239 772 2324 (=
790 2240 852 2325 οόχ
874 2232 975 2330 ήσσον
997 2246 1019 2329 ή
1043 2242 1080 2308 δι’
1105 2242 1214 2331 ἡμᾶς).
1239 2241 1352 2320 428,3
1377 2245 1457 2327 τῷδε

125 2348 186 2436 γάρ
210 2351 390 2433 άρέσκομαι
412 2348 539 2428 μᾶλλον
561 2354 619 2412 τοῦ
643 2345 812 2435 Νικάνορα
835 2357 968 2414 κτεῖναι.
1001 2347 1053 2419 30,
1081 2348 1120 2410 18
1150 2350 1261 2430 μεῖζον
1284 2349 1310 2412 δ’
1335 2346 1395 2413 onix
1419 2351 1458 2412 δν

117 2457 231 2542 ,εὕροις
259 2453 383 2537 βλάβος
412 2461 495 2519 νέων
524 2453 609 2537 όμοῦ
638 2461 738 2520 πέντε
767 2452 950 2539 μυριάδων,
981 2452 1048 2520 Nfc.
1079 2454 1276 2534 ἰλλομένων.
1308 2454 1389 2531 273,
1416 2454 1455 2516 16

125 2564 181 2628 καὶ
202 2560 398 2647 σμικρότερα
420 2559 482 2643 μὲν
503 2560 581 2638 ἴσως
601 2560 642 2626 τοὶ
657 2565 763 2650 κέρδη,
786 2561 982 2645 βεβαιότερα
1007 2561 1041 2626 δὲ
1065 2564 1120 2626 κοί
1144 2560 1377 2647 ἀκινδυνότερα
1400 2587 1456 2623 κα-

124 2667 244 2746 θάπαξ
274 2666 314 2733 τοὶ
347 2676 401 2756 της
432 2674 584 2754 γεωργίας
615 2675 678 2733 τῶν
708 2665 890 2759 ἐμπόρων,
907 2665 1033 2733 Schwfc.
1065 2676 1129 2733 τῶν
1153 2665 1352 2752 ἐμπορικῶν,
1383 2665 1433 2729 Mf
1444 2712 1455 2729 ·.

125 2784 188 2842 τῶν
219 2780 281 2840 τῶν
312 2772 478 2860 ἐμπόρων,
506 2772 614 2838 deinde
646 2772 766 2854 saepius
797 2773 882 2841 ἀντὶ
912 2790 991 2837 cnm
1015 2773 1184 2857 genetivo
1208 2773 1307 2849 extet,
1331 2774 1456 2838 nb1ex-

127 2882 302 2966 spectamus
318 2882 418 2945 tetnm
435 2879 638 2960 enuntiatum,
661 2899 721 2963 qno
737 2879 946 2964 distinguetur
960 2899 1014 2962 per
1030 2883 1088 2947 οίκ
1105 2918 1148 2928 -
1165 2880 1249 2947 ἄλλα
1259 2880 1299 2964 8):
1324 2880 1398 2957 239,
1419 2881 1457 2944 19

128 2992 184 3056 καὶ
206 2988 420 3079 ἠγανάκτουν,
451 2986 484 3053 εί
505 2985 541 3053 ἕν
567 2989 650 3075 λιμῷ
679 2988 737 3054 τὸν
759 2998 851 3055 σῖτον
874 2989 906 3052 οἱ
928 2989 1079 3075 ἄρχοντες
1103 2989 1271 3077 αἱροῦνται
1289 2988 1457 3070 Ῥωμαίοις

126 3095 199 3181 άντλ
224 3105 286 3162 τῶν
308 3095 452 3161 πολιτῶν
476 3092 508 3172 ἐς
533 3094 590 3171 τὰς
613 3093 734 3179 άνοχάς
757 3105 950 3179 παρασχεῖν.
977 3095 1050 3174 873,
1065 3095 1107 3158 23
1131 3097 1162 3172 ἐς
1185 3093 1270 3183 ἡμᾶς
1294 3093 1457 3161 ἄντ’-ὲκεί-

125 3213 190 3271 νών
213 3203 253 3268 τά
277 3204 366 3268 ὅπλα
388 3211 607 3285 μετενεγκεῖν,
630 3199 723 3277 Μία,
754 3199 794 3268 cf.
819 3200 894 3279 881,
919 3200 961 3264 14
984 3200 1057 3268 άντὶ
1080 3210 1136 3288 τῆς
1157 3202 1321 3266 Ἀντωνίου
1345 3225 1456 3284 μικρο-

126 3314 258 3398 λογίας.
278 3360 284 3374 .
304 3360 311 3374 .
329 3308 360 3387 ές
377 3309 436 3398 τήν
455 3315 618 3395 Καίσαρος
640 3306 770 3398 μνήμην
791 3313 1037 3392 μετατίθεσθαι
1059 3306 1210 3397 (87416
1231 3305 1310 3396 nihil
1325 3305 1454 3389 prebat).

127 3417 210 3494 893,
237 3416 278 3480 18
310 3415 416 3503 φόνου
440 3421 627 3504 κατηγορῶν
649 3416 807 3498 πολέμιον
830 3414 941 3479 κοινόν
969 3413 1041 3480 άντὶ
1063 3423 1126 3480 των
1148 3414 1334 3500 ὡρισμένων
1356 3412 1458 3479 ἐπιτι-

125 3531 208 3609 μίων
231 3533 298 3599 τοῖς
323 3530 459 3608 φονεῦσι
481 3526 625 3598 τίθεται,
649 3518 779 3586 Schwfv.
808 3538 886 3598 „non
911 3520 1071 3585 contentus
1085 3518 1225 3602 poenis“;
1249 3520 1354 3601 quales
1376 3519 1457 3585 locos

126 3628 227 3695 inveni
250 3628 303 3695 20.

233 3735 453 3816 Nonnunquam
476 3733 570 3800 etiam
593 3734 846 3816 exspectamus
869 3734 1063 3799 enuntiatum
1079 3752 1098 3798 a
1113 3736 1190 3820 πρὶν
1205 3733 1363 3818 incipiens,
1387 3753 1458 3799 cum

126 3844 292 3932 legamus
322 3841 397 3929 πρὸ
427 3861 507 3906 cum
536 3839 720 3925 genetivo:
753 3841 834 3919 023,
861 3840 900 3903 15
933 3842 1010 3908 οότε
1041 3839 1141 3924 νόμον
1171 3842 1289 3907 οὐδένα
1312 3840 1376 3927 πρό
1403 3850 1458 3928 τῆς

126 3951 246 4035 βουλῆς
270 3946 302 4025 ές
325 3947 362 4013 τό
386 3950 516 4035 πλῆθος
541 3947 771 4036 ἐσφερόμενον.
797 3949 954 4026 1024,14
978 3950 1011 4014 οἱ
1024 3947 1060 4014 δὲ
1077 3950 1240 4015 Φίλιπποι
1262 3947 1355 4023 πόλις
1373 3948 1473 4026 ἐστὶν,

75 4073 80 4082 ·
127 4055 148 4143 ἢ
171 4053 275 4132 Δάτος
298 4052 482 4138 ω’νομάζετο
506 4054 611 4120 πάλαι
632 4057 688 4121 καλ
710 4059 863 4144 Κρηνίδες
887 4053 935 4120 ἔτι
958 4054 1023 4139 πρὸ
1047 4053 1173 4130 Δάτου,
1203 4052 1271 4120 Nfc.
1295 4053 1360 4141 πρὸ
1387 4065 1455 4120 τοῦ.

129 4162 224 4240 1034,
249 4160 289 4223 22
321 4161 578 4247 ἀγανακτοῦντες
603 4161 638 4227 δέ
662 4163 695 4227 οἱ
716 4163 832 4245 ἄνδρες
857 4211 862 4224 .
884 4212 890 4226 .
910 4212 941 4224 ..
968 4163 1017 4226 ότι
1040 4167 1205 4246 κρείττους
1235 4161 1324 4238 ὄντες
1356 4161 1458 4248 άλκην

235 4371 257 4442 1)
275 4370 309 4428 ef.
327 4371 361 4427 K.
380 4373 470 4442 5475.

233 4460 259 4531 2)
277 4461 311 4516 ef.
330 4460 445 4516 Kaelker
463 4462 563 4531 11270.

233 4549 259 4621 ⁸)
277 4547 312 4606 ci.
329 4548 377 4606 Kr.
396 4550 468 4618 568,
483 4551 561 4616 14,1.
