3156 5086
674 298 898 361 ..56-

120 490 263 557 Sohwfm.
273 491 306 574 ¹).
331 491 397 557 Mu.
417 490 551 556 Rosoher
566 490 616 568 fo,
641 489 711 556 Soli.
728 489 750 556 1.
767 493 877 575 probat
894 490 1039 556 Rosoheri
1059 491 1280 566 coniecturam
1304 494 1358 558 καὶ
1374 491 1471 556 enim·

121 596 273 680 signifieat
295 597 359 677 vel,
384 596 463 677 quod
487 598 567 661 reete
592 596 704 661 statuit
727 597 807 676 M.³;
838 597 919 662 idern
943 598 1024 662 reete
1048 596 1141 676 dixit,
1169 598 1274 664 αὐτοῦ
1298 616 1355 662 non
1376 597 1456 662 inse·

121 702 224 780 rendo,
245 703 297 768 sed
312 701 518 785 intellegendo
533 720 598 767 osse
614 701 832 784 supplendum
856 703 895 769 of.
914 703 987 782 367,
1007 704 1057 767 14.
1078 741 1118 749 -
1137 703 1269 785 767,17
1288 703 1455 791 Κερκύρας

120 812 181 893 μὲν
211 813 265 877 καὶ
296 808 369 876 τότε
392 812 448 876 καὶ
470 808 597 899 Λιβύης
627 810 816 896 ὑπερεῖδεν,
848 809 947 876 Mulli.
973 810 1054 888 824·,
1079 809 1098 872 2
1123 811 1154 874 61
1178 810 1282 888 1073,
1306 812 1348 874 22
1372 808 1455 887 Nf0;

121 915 159 982 ef.
186 915 280 980 etiam
308 915 403 991 1094,
420 914 450 980 6.

229 1024 293 1088 Καὶ
315 1040 386 1086 cum
408 1022 487 1098 ἴσος,
513 1022 625 1104 ὅμοιος
649 1021 704 1088 eto.
729 1021 923 1087 coniunctum
948 1021 1118 1086 invenimus
1143 1023 1217 1101 586,
1244 1021 1284 1087 15
1308 1022 1397 1105 (τούς
1421 1024 1457 1088 δὲ

123 1129 303 1213 βουλευτὰς
327 1128 384 1194 ἴσα
408 1130 463 1194 καὶ
487 1126 654 1217 όπηκόους
677 1126 796 1211 ἐποίει)
828 1127 910 1205 665,
937 1128 988 1193 lo.
1015 1128 1096 1208 600,
1121 1131 1142 1193 4
1166 1128 1217 1212 (ef.
1242 1127 1333 1212 Soph.
1358 1127 1392 1193 0.
1419 1128 1456 1195 R.

130 1235 238 1319 1187);
261 1253 317 1317 pro
339 1241 457 1320 καίπερ
479 1252 549 1299 eum
564 1232 734 1316 participiis
751 1233 862 1313 676,3
887 1235 1110 1322 (ἐβαρυθύμει
1135 1262 1169 1304 τε
1192 1240 1247 1304 καὶ
1270 1236 1321 1302 ἐπ’
1344 1235 1458 1321 ἀργίας

123 1338 178 1432 ἦν,
217 1344 271 1408 καὶ
310 1343 402 1407 ταῦτ’
442 1339 725 1425 ἐπιτωθαζόμενος
762 1340 794 1419 ἐς
833 1342 891 1429 την
922 1341 1048 1431 ἔλαφον
1084 1344 1151 1410 ε’πὸ
1183 1352 1246 1409 τῶν
1283 1345 1457 1425 πολεμίων,

129 1449 245 1515 Sohwv.
274 1466 389 1529 ,neque
412 1447 549 1530 ipsorum
572 1446 706 1513 hostium
733 1485 770 1494 ·-
790 1465 832 1494 -’-
855 1447 1062 1514 cavillationes
1085 1449 1247 1532 curabat“)
1272 1449 1346 1526 875,
1366 1450 1383 1512 7
1408 1447 1458 1530 (ὃν

125 1556 184 1642 ἐγώ
201 1558 255 1623 καὶ
272 1556 480 1645 θρασότερον
503 1555 593 1633 εἰδώς
611 1554 670 1643 τὴν
686 1555 844 1642 Κελτικὴν
859 1554 1065 1646 ἄφηροόμην,
1089 1554 1218 1621 Sohwfv.
1247 1552 1458 1634 „audaciorem

38 1705 40 1707 >
125 1661 267 1744 reliquis“
280 1684 287 1737 ;
302 1664 372 1746 post
381 1663 590 1750 θρασύτερον
599 1661 741 1745 equidem
751 1662 952 1746 suppleverirn
964 1682 1023 1728 non
1034 1664 1122 1741 ὄντα,
1140 1663 1193 1727 sed
1205 1664 1250 1736 ὂν,
1266 1661 1303 1726 61.
1316 1660 1390 1739 875,
1404 1661 1457 1736 131

125 1769 201 1846 699,
220 1769 271 1835 19.
289 1769 362 1846 718,
375 1770 427 1834 22.
447 1770 522 1848 883,
534 1769 587 1836 22.
606 1768 680 1847 948,
691 1769 743 1836 26.
764 1770 859 1846 1161,
873 1768 923 1847 18,
939 1788 993 1851 pro
1009 1773 1031 1860 ἢ
1047 1770 1163 1848 4617.
1181 1768 1256 1845 521,
1271 1769 1320 1834 19.
1339 1768 1414 1844 936,
1427 1766 1456 1830 5.

233 1877 341 1954 Παλύς
365 1875 494 1957 denique
517 1895 587 1942 oum
612 1875 770 1953 adieetivo,
795 1893 854 1956 quo
877 1875 1025 1958 pertinet,
1057 1874 1147 1941 modo
1168 1874 1364 1958 coniungitur
1386 1893 1458 1956 par·

127 1983 223 2049 6161116
246 1987 310 2059 καὶ,
333 1982 424 2048 modo
448 2001 509 2048 non
529 1982 733 2065 coniungitur,
759 1982 797 2047 cs.
815 1981 889 2060 267,
907 1982 949 2046 23
973 1984 1118 2067 λέγοντες
1141 1981 1253 2068 οἰκτροὶ
1270 1985 1325 2048 καὶ
1340 1981 1458 2054 πολλοὶ,

126 2090 226 2157 Schts.
250 2091 356 2156 6011618
379 2089 439 2154 VH.
458 2089 570 2166 371,7
595 2089 703 2154 πολλοὶ
727 2091 783 2156 καὶ
804 2089 929 2175 μεγάλοι
959 2088 1089 2176 δρόσοις.
1114 2089 1188 2167 978,
1207 2090 1248 2151 22
1273 2088 1379 2153 πολλοὶ
1404 2091 1460 2153 καὶ

128 2200 215 2264 ἄλλα
238 2197 472 2286 παραλιπόντι.
501 2196 630 2275 1181,7
656 2195 809 2283 οἷρόστους
832 2221 867 2263 τε
889 2199 945 2263 καὶ
967 2195 1120 2273 πολλοὺς.
1147 2195 1256 2273 767,8
1280 2195 1388 2260 πολλοὶ
1404 2198 1459 2260 καὶ

126 2304 263 2389 λαμπροί
287 2302 465 2382 (ol.183‚8
488 2302 615 2390 οἷπίστφ
639 2306 695 2370 καὶ
717 2300 893 2393 κατηγόρῳ.
941 2303 1052 2380 9453
1077 2303 1134 2391 τὴν
1157 2301 1382 2390 δονατωτάτην
1405 2303 1459 2366 καὶ

129 2411 292 2477 τοσούτων
315 2409 424 2476 ἐθνῶν
440 2459 447 2471 .
466 2462 473 2476 .
492 2461 499 2476 .
516 2408 701 2497 ἡγεμονίδα,
724 2408 800 2474 Mle.
826 2409 900 2486 965,
918 2413 937 2474 9
956 2409 1136 2487 Μεσσάλας
1159 2410 1195 2474 cll
1218 2408 1380 2497 ἐπιφανὴς
1404 2413 1460 2476 καὶ

127 2528 199 2597 νέος
222 2517 253 2595 ἐς
277 2525 429 2602 Βροῦτον
452 2517 564 2604 ἔφυγε,
588 2515 660 2583 Cob.
677 2515 782 2600 Mfo.);
813 2534 872 2580 non
895 2515 1092 2600 coniungitur
1114 2516 1191 2594 206,
1207 2517 1248 2580 20
1273 2519 1328 2582 καὶ
1350 2515 1459 2581 πολλοὶ

128 2624 216 2691 δεινὰ
247 2621 443 2708 πάσχουσιν,
474 2623 549 2687 MrS.
574 2624 680 2688 6611116
703 2621 800 2689 86116.
826 2623 959 2702 521,15
984 2624 1169 2700 τοπόζουσα
1200 2623 1308 2689 πολλοὶ
1331 2620 1458 2688 ἀτοπώ-

129 2755 216 2818 τεροι,
240 2728 313 2795 Mfo.
428 2724 431 2728 ’

236 2837 277 2900 Iu
301 2861 340 2903 τε
363 2855 506 2920 quoque
529 2835 722 2919 particula
744 2837 860 2901 utenda
883 2835 1109 2920 neglegentiam
1134 2835 1343 2917 quandamot
1358 2835 1460 2899 inoon-

132 2943 280 3010 stantiam
308 2942 411 3025 prodit
440 2943 493 3018 Aa
524 2943 613 3008 modo
643 2941 724 3008 enim
754 2961 875 3026 prorsus
906 2941 1057 3025 superfluo
1089 2963 1157 3008 eam
1189 2943 1308 3007 videtur
1340 2960 1460 3024 ponere,

130 3051 169 3118 ef.
186 3049 261 3126 391,
281 3050 321 3114 13
338 3050 381 3115 αἲ
393 3050 428 3125 δ’,
445 3051 487 3128 ὦς
506 3061 576 3143 pipi,
600 3050 660 3115 οὐν
679 3047 923 3136 καταφρονήσει
945 3048 1056 3133 χεῖρός
1080 3074 1115 3115 τε
1135 3053 1265 3139 σιδηρᾶς
1289 3048 1461 3130 ἐπέβαλον,

130 3159 188 3225 καί
216 3154 456 3246 συνεστηκότων
486 3165 549 3222 τῶν
579 3165 715 3243 σκαφῶν
738 3156 755 3221 6
780 3151 866 3241 οἷγών
896 3150 937 3244 ἦν
965 3158 1075 3243 ὥσπερ
1100 3156 1136 3223 ἐν
1157 3166 1205 3245 γῇ.
1233 3158 1313 3235 957,
1337 3156 1358 3218 4
1381 3158 1402 3243 η’
1426 3179 1461 3220 τε

131 3265 214 3354 κόμη
239 3273 296 3330 τοῦ
320 3264 454 3339 δόνακος
477 3263 683 3329 σαλευθεῖσα
707 3262 844 3351 ἐνέφηνε
868 3262 925 3328 τόν
949 3262 1090 3350 Οὐᾶρον,
1114 3267 1167 3330 καὶ
1190 3264 1331 3353 ληφθεὶς
1354 3261 1462 3347 ἔλεγεν

132 3369 217 3438 εἶναι
239 3370 365 3458 λῃστής,
389 3369 493 3449 quales
509 3369 566 3434 1661
582 3370 687 3433 extant
706 3370 754 3447 13,
779 3370 921 3450 equibus
942 3371 976 3433 ll
995 3368 1100 3447 Maio,
1124 3369 1214 3434 modo
1229 3370 1275 3433 ita
1298 3368 1460 3450 omittite

133 3479 169 3542 ut
191 3496 259 3541 earn
283 3475 498 3555 desideremus,
522 3476 601 3557 quod
625 3475 726 3540 inveni
750 3478 792 3541 22
816 3476 898 3554 loeis,
923 3496 939 3541 e
962 3477 1073 3559 quibus
1101 3478 1139 3541 18
1160 3476 1268 3552 Maior
1292 3475 1330 3542 of.
1349 3476 1423 3554 644,
1444 3478 1460 3540 7

131 3584 298 3671 βαρυτάτη
328 3584 383 3678 καὶ
411 3582 540 3670 οέφανεῑ
567 3582 684 3676 ἔχθρα.
717 3583 856 3663 810,19
880 3583 1085 3667 θεασόμενοι
1108 3587 1135 3649 δ’
1160 3583 1264 3650 αὐτόν
1293 3607 1375 3661 τινες
1400 3591 1463 3648 τῶν

132 3690 321 3758 ἀδεκάστων
343 3691 397 3770 καὶ
413 3699 476 3755 τῶν
497 3688 783 3777 ἐστρατευμένων.
803 3743 809 3756 .
828 3743 834 3755 .
855 3741 861 3753 .
879 3689 1025 3771 ἔβαλλον.
1050 3691 1124 3768 234,
1143 3692 1162 3755 6
1187 3691 1274 3758 οἲτὸ
1290 3701 1463 3781 κηρυκεῖον

132 3798 265 3888 ὑψηλὸν
287 3797 425 3885 ἔστησαν
447 3795 504 3864 ἐπὶ
527 3806 582 3884 της
606 3798 738 3886 πρῴρας
762 3803 816 3863 καὶ
840 3797 898 3874 τοὶς
921 3809 1031 3883 χεῖρας
1054 3799 1182 3884 ὤρεγον,
1206 3798 1262 3861 661.

239 3903 344 3983 Neque
373 3903 478 3968 tamen
507 3905 675 3987 utrumque
703 3903 802 3968 rarius
832 3903 1010 3983 usuvenit,
1041 3923 1133 3985 quarn
1163 3904 1199 3968 ut
1227 3902 1342 3968 tradita
1371 3903 1463 3966 verba

133 4010 263 4094 singulis
285 4009 358 4074 loeis
381 4009 472 4075 116661
494 4011 634 4076 retinere.
681 4011 771 4076 Falso
795 4016 875 4077 oerte
902 4036 934 4076 τε
951 4011 1135 4076 desideravit
1151 4011 1216 4075 Mu.
1243 4009 1385 4087 708,19,
1409 4008 1463 4074 ubi

133 4128 242 4185 νοσεῖν
265 4136 324 4181 non
347 4117 385 4181 ab
402 4116 508 4184 ἐδόκει
524 4116 701 4198 dependeat,
726 4118 778 4182 sed
794 4118 832 4183 ab
848 4117 1016 4205 ἀρξάμενα
1031 4117 1082 4202 (61.
1103 4117 1153 4192 12,
1171 4116 1236 4199 21).
1275 4116 1463 4200 Magnopere

132 4243 202 4290 vero
225 4223 323 4307 primo
345 4223 454 4288 obtutu
478 4223 603 4288 oil'endit
625 4248 660 4290 τε
683 4228 738 4291 καὶ
764 4225 917 4304 103016
942 4224 1156 4308 (βαλλόμενός
1180 4248 1215 4290 τε
1230 4225 1285 4289 καὶ
1300 4222 1461 4306 χαλεπῶς)

132 4331 213 4414 quod
236 4332 340 4394 tamen
364 4330 492 4394 recurrit
517 4330 680 4410 1156,15.

240 4471 265 4539 1)
285 4470 317 4525 ci.
336 4470 368 4524 de
385 4469 479 4539 ellipsi.

239 4561 262 4630 2)
281 4560 314 4615 61.
333 4559 447 4614 Kaellrer
466 4577 490 4628 p.
504 4559 564 4612 287.
