3156 5086
751 289 972 352 ,23-

302 481 475 547 infinitivus
499 483 612 548 activi
636 482 766 565 denique
793 503 856 566 pro
878 482 1021 567 passivi
1044 483 1129 548 extat
1153 481 1232 557 832,
1253 481 1270 544 7
1300 480 1353 563 (οἲ
1371 478 1533 565 πρότερον

197 589 274 654 οὐδὲ
289 588 460 671 περιόντας
484 589 605 668 αύτοός
629 589 750 678 ἔφερον
765 593 878 658 καλεῖν
896 592 1064 675 βασιλέας)
1088 588 1163 666 858,
1182 588 1233 652 24,
1260 586 1382 663 244,1.
1408 584 1484 662 246,
1502 587 1531 661 8,
1564 604 1567 610 ‘

162 722 165 729 ·
197 695 307 776 quibus
330 694 500 762 16616Μ1.

627 926 683 1047 9)
714 926 787 1024 De
819 926 1098 1047 participio.

303 1120 485 1204 Saepissime
508 1121 703 1203 participium
729 1121 937 1204 praesentis
960 1121 1091 1206 legimus
1114 1141 1176 1202 pro
1200 1121 1348 1197 coristi,
1377 1120 1531 1202 imprimis

195 1229 320 1292 verbum
335 1235 512 1313 γίγνεσθαι,
528 1230 774 1305 πυνθάνεσθαι,
791 1229 1025 1309 ἀισθάνεσθαι,
1042 1228 1270 1314 τογχάνεσέύαι,
1289 1228 1393 1304 θύειν,
1409 1228 1530 1303 ἀνύειν,

195 1335 359 1419 κρύπτειν,
384 1335 572 1420 γιγνώσκειν,
597 1336 716 1412 σοόζειν,
740 1346 865 1422 χωρεῖν,
890 1334 1113 1422 ἀφικνεῖσθαι,
1138 1346 1278 1420 κρατεῖν,
1303 1335 1401 1418 ἄγειν,
1426 1333 1519 1417 ἀκμά

195 1445 265 1518 ζειν,
289 1440 394 1520 quales
416 1443 495 1505 locos
519 1440 655 1524 congessi
677 1440 727 1517 79,
751 1439 902 1521 equibus
927 1441 968 1503 65
984 1440 1078 1506 Maio.
1104 1441 1300 1506 Contrarium
1323 1440 1466 1505 exhibent
1490 1441 1531 1503 20

193 1547 262 1626 1661,
286 1547 398 1628 quibus
419 1546 514 1625 Maso,
540 1547 579 1612 61.
606 1547 678 1624 116,
697 1547 739 1610 20
764 1547 781 1612 ό
807 1547 842 1613 δὲ
867 1545 1055 1634 Ούρίατθος
1079 1583 1118 1592 -
1135 1549 1263 1632 θαμινά
1288 1546 1391 1614 έπιών
1413 1551 1468 1613 καὶ
1492 1548 1531 1612 ού

195 1679 267 1720 τινα
290 1655 403 1737 καιρὸν
425 1653 587 1745 ἀδόκητον
611 1653 751 1720 ἐκλιπόν
779 1692 811 1699 -
841 1652 986 1744 ἡνιόχλει.

301 1759 503 1841 Participium
527 1760 736 1842 praesentis
759 1779 821 1842 pro
844 1760 964 1825 futuri
987 1759 1102 1843 legitur
1126 1760 1167 1822 36
1191 1761 1265 1825 loeis
1288 1760 1339 1845 (cf.
1364 1761 1405 1826 H.
1431 1760 1492 1843 Β),
1515 1779 1531 1823 6

195 1866 305 1949 quibus
322 1869 364 1931 26
381 1867 487 1946 Maio,
511 1867 548 1933 61.
570 1869 641 1947 131,
660 1869 676 1930 1
694 1863 735 1956 ἦν
751 1866 800 1934 ἔτι
815 1867 970 1954 νεώτερος
986 1877 1041 1954 τῆς
1055 1875 1287 1957 νενομισμένης
1304 1878 1371 1944 τοῖς
1388 1868 1531 1934 ὑπατεύ-

195 1997 285 2041 ονσιν
308 1975 441 2064 ἡλικίας.

301 2080 506 2163 Participium
529 2081 738 2162 praesentis
761 2100 823 2163 pro
846 2080 1005 2162 perfecti
1026 2080 1127 2144 inveni
1153 2081 1192 2145 12
1216 2079 1303 2160 locis,
1333 2099 1349 2144 6
1372 2081 1484 2162 quibus
1509 2084 1528 2146 9

193 2187 303 2262 Maso,
328 2187 366 2253 61.
391 2188 509 2264 584,3
533 2190 598 2277 (τρῖ
621 2197 778 2257 Σκιπίωνι
809 2197 996 2279 γαμουμένη
1019 2207 1073 2271 pro
1102 2217 1119 2253 τ
1152 2196 1189 2255 Σ.
1214 2197 1416 2278 γεγαμημένη
1441 2188 1530 2270 Μ10.)

195 2295 269 2372 371,
288 2295 307 2358 6
331 2294 398 2377 (καὶ
421 2292 518 2379 ἕτερα
543 2294 627 2385 ἔθνη
643 2295 853 2384 ἀφιστάμενα
877 2295 925 2362 ἔτι
947 2294 1013 2379 πρδ
1039 2295 1153 2372 αύτοῦ,
1177 2292 1315 2369 8611616,
1337 2293 1529 2372 Ρ1611161111,

194 2401 232 2466 61.
257 2401 300 2466 M.
325 2401 350 2467 1.
370 2420 404 2482 μ.
422 2401 519 2483 XXI),
545 2404 678 2480 1089,9
703 2405 762 2492 τὴν
785 2403 949 2490 στρατιάν,
973 2405 1033 2493 ἴση
1058 2413 1125 2479 τοῖς
1147 2409 1340 2487 γιγνομένοις
1357 2400 1530 2488 ἐφήδρευε,

195 2505 259 2572 Ofv.
281 2509 466 2584 „exercitum
481 2529 602 2574 omnem
618 2510 671 2591 qui
685 2511 780 2594 gestis
795 2511 885 2577 rebus
901 2509 1113 2584 interfuerat“‚
1138 2508 1175 2574 ef.
1198 2527 1242 2584 ea,
1267 2526 1344 2588 quae
1360 2527 1453 2589 supra
1469 2506 1531 2571 dixi

195 2614 231 2678 de
255 2612 384 2679 Candidi
413 2616 565 2692 versione,
598 2635 689 2697 quam
719 2617 797 2681 nihil
827 2617 955 2698 probare
984 2615 1121 2681 iudicant
1152 2615 1246 2680 etiam
1276 2615 1407 2692 Loesch,
1439 2616 1528 2699 Berg,

197 2720 335 2786 Schenkl.
361 2758 404 2769 —

301 2828 385 2893 Haeo
408 2828 511 2907 habui,
536 2847 613 2910 quae
636 2828 800 2912 proferrem
817 2829 853 2894 de
869 2829 1021 2912 participii
1036 2831 1209 2910 temporum
1231 2827 1529 2894 commutatione.

300 2934 372 2999 Jam
396 2935 513 3000 restant
534 2952 632 3017 pauca
655 2935 691 2999 de
714 2954 795 3000 usu:
819 2936 918 3000 utitur
941 2935 1023 3001 enim
1049 2940 1097 2999 A..
1109 2934 1271 3018 participio
1293 2952 1347 3017 pro
1371 2934 1531 2999 enuntiato

194 3058 253 3104 non
268 3040 367 3105 solum
384 3040 424 3105 ad
439 3040 673 3124 significandam
688 3060 811 3106 causam
828 3043 1002 3107 adfectuum
1016 3082 1054 3091 -
1067 3042 1140 3120 573,
1158 3043 1209 3107 20.
1228 3042 1301 3119 574,
1322 3042 1360 3104 12
1388 3042 1463 3118 225,
1476 3041 1528 3108 26.

196 3148 270 3224 623,
287 3150 316 3212 9.
344 3146 485 3225 721,15.
512 3148 586 3225 864,
603 3149 655 3212 24.
685 3149 777 3226 1158,
794 3151 845 3214 22.
871 3150 1019 3228 22612,
1052 3168 1111 3230 quo
1137 3148 1202 3215 loco
1227 3149 1315 3213 verba
1339 3141 1390 3226 οἷς
1413 3148 1451 3234 δὴ
1475 3151 1532 3214 καὶ

194 3253 349 3336 μάλιστα,
379 3253 421 3332 ιός
446 3256 548 3321 πλέον
571 3255 724 3332 δεδιόσιν,
756 3255 893 3344 έθάρρει
917 3254 1017 3321 861116.
1047 3258 1152 3321 contro
1180 3255 1240 3320 vH.
1265 3254 1318 3338 qui
1340 3253 1379 3320 16.
1404 3256 1531 3321 πλέονα

195 3359 324 3427 εἰδόσιν.
359 3399 397 3407 -
428 3361 466 3426 61.
498 3362 579 3439 817,
605 3361 644 3426 17
668 3363 916 3451 ὑποστήσεσθαι
945 3362 1209 3450 ἀφαιρουμένοις
1242 3401 1280 3409 —-
1313 3362 1368 3424 aut
1395 3361 1530 3426 rationes

194 3465 439 3550 1116616111(874,
461 3468 497 3530 11
518 3469 595 3534 οὔτε
611 3467 788 3556 ἀφείλοντο
805 3473 906 3535 ἀν-
923 3470 967 3558 μι)
985 3506 1027 3514 -
1044 3469 1282 3552 ἀντιλαβόντες,
1301 3469 1428 3543 1061,8
1445 3468 1529 3550 cot),

195 3574 395 3654 temporalem
418 3575 494 3639 alias
521 3613 556 3620 --
584 3593 662 3655 quae
685 3595 741 3640 non
766 3577 838 3640 sunt
860 3594 950 3652 nova,
975 3575 1028 3639 sed
1056 3575 1150 3639 etiam
1172 3575 1209 3638 in
1232 3574 1357 3639 verbis
1380 3574 1530 3640 dicendi

194 3682 229 3745 et
252 3680 449 3760 sentiendi,
473 3682 558 3746 etin
583 3681 626 3745 eis
649 3682 702 3760 ita,
726 3683 762 3746 ut
785 3681 908 3747 modum
934 3681 1084 3747 usitatum
1106 3681 1195 3765 longe
1210 3682 1361 3746 transeat:
1386 3701 1458 3745 nem
1474 3700 1528 3763 pro

194 3787 259 3868 ipso
289 3787 439 3853 infinitivo
467 3789 521 3853 aut
551 3789 722 3854 accusativo
752 3791 783 3854 et
812 3788 961 3854 infinitivo
990 3809 1059 3853 eum
1085 3807 1193 3871 ponere
1216 3787 1410 3870 participium
1438 3806 1529 3854 nemo

194 3894 328 3978 negabit,
353 3892 538 3976 quicumque
552 3894 717 3978 inspexerit
731 3897 810 3961 locos
828 3898 901 3973 225,
919 3896 959 3959 27
985 3895 1085 3982 (ἑώρα
1102 3896 1137 3961 δὲ
1153 3896 1195 3972 ὥς
1214 3932 1250 3940 -
1268 3895 1527 3982 κακοπαθησων)

195 4001 268 4078 262,
281 4002 301 4065 9
319 4001 531 4082 (ύπύπτενον
547 4001 607 4067 ούκ
623 4001 680 4069 ἐπὶ
695 4004 843 4091 συνθήκη
858 4008 977 4096 βεβαία
994 4002 1034 4068 roi
1049 4005 1156 4092 όμηρα
1170 4001 1380 4090 παρέχοντες)
1397 4001 1526 4076 376,10

194 4108 264 4198 (τῆς
286 4114 461 4196 πρεσβείας
485 4117 644 4186 συνιέντες
660 4107 851 4198 ἀφιγμένης)
877 4109 949 4187 847,
967 4108 997 4173 5.
1023 4109 1096 4186 849,
1114 4108 1165 4173 20.
1191 4108 1286 4184 1061,
1305 4109 1333 4172 8.
1363 4107 1455 4184 1107,
1473 4108 1525 4173 20.

197 4215 291 4290 1118,
311 4215 339 4283 6,
366 4214 530 4293 113818,
556 4233 591 4279 ae
614 4233 673 4279 non
697 4215 795 4280 solum
819 4215 887 4298 post
909 4216 1000 4279 verba
1024 4213 1173 4278 sentiendi
1197 4215 1228 4279 et
1250 4213 1368 4278 dicendi
1392 4213 1447 4279 hoc
1469 4233 1526 4278 usu

195 4321 296 4386 venire
318 4320 647 4398 decemoctorum
674 4321 820 4410 ἔφασκον
842 4318 927 4389 εἶναι
951 4322 1080 4408 δύσερίν
1104 4345 1139 4387 τε
1161 4325 1216 4388 καὶ
1232 4321 1458 4409 φιλοπόλεμον
1473 4325 1527 4388 καὶ

197 4428 319 4495 ούποτε
343 4427 522 4518 εἰρηνεύειν
544 4429 734 4513 δονάμενον.
761 4429 834 4508 511,
852 4430 892 4495 27
918 4428 1069 4514 ἔμελλον.
1084 4479 1090 4494 .
1105 4425 1339 4518 ,Μιθριδάτην
1356 4479 1361 4492 .
1382 4477 1416 4492 ..
1442 4427 1523 4494 ἀπο-

196 4536 333 4603 κλείσειν
358 4569 397 4580 -
416 4585 423 4601 .
441 4585 475 4603 ..
501 4536 578 4604 ούτε
606 4534 795 4618 ἐξόδους...
821 4535 868 4606 ἔτι
897 4535 1014 4626 ἔχοντα
1044 4536 1122 4602 οὔτε
1143 4535 1317 4623 βιάζεσθαι
1344 4533 1527 4619 δννάμενον
