3156 5086
692 281 890 345 ..9-

118 474 328 558 supplendum
350 475 397 540 661
420 475 460 541 τὰ
485 483 717 562 πεπραγμένα,
742 477 876 551 923,18
901 475 958 542 τόν
979 480 1147 560 θρίαμβον
1169 474 1208 539 ad
1233 472 1322 540 6166
1346 481 1400 560 τῆς
1423 470 1456 549 ἐς
1554 553 1557 560 .

119 582 180 648 τὸν
195 588 364 667 θρίαμβον
387 583 585 670 ὑπεροψίας,
602 580 661 647 οὐκ
677 582 790 649 ἄδικον
807 583 894 648 ὄντα.
940 581 1018 648 Loco
1037 581 1131 660 1010,
1147 581 1187 643 21
1214 587 1299 668 Γαίῳ
1315 580 1455 663 μάλιστα

120 696 263 776 Καίσαρι
287 688 363 767 τούς
386 691 528 765 πλέονας
551 685 824 773 ἐστρατευμένους
841 686 905 754 Cfv.
934 687 1132 771 ,praesertim
1155 705 1205 753 eos
1230 687 1282 769 qui
1306 686 1363 750 sub
1383 682 1456 749 Caio

119 793 252 860 Caesare
267 794 341 860 olim
357 795 595 859 militaverant.“
640 796 734 874 1022,
757 794 922 877 8denique
945 796 1001 880 (ὥς
1024 794 1158 881 α’χρεῐον
1181 795 1250 860 ἐστι’
1273 793 1309 860 τὸ
1334 790 1456 882 τηρεῖν)

120 919 176 982 pro
202 900 418 969 6661866666.
437 900 493 967 ἔτι.
532 900 604 966 Jam
623 902 740 966 restant
754 901 811 966 loci
836 902 910 981 249,
931 903 981 968 19.
1005 902 1079 977 610,
1097 902 1148 964 20.
1175 902 1316 978 623,11,
1337 897 1455 974 16,17.

123 1007 198 1083 169,
217 1008 247 1073 5.
285 1007 360 1085 645,
376 1008 406 1074 5.
442 1007 515 1085 626,
533 1008 586 1073 21.
620 1008 695 1084 299,
712 1009 764 1074 21.
800 1007 943 1086 663,15.
978 1008 1051 1085 695,
1069 1007 1097 1072 5.
1134 1006 1276 1083 708,11.
1314 1005 1386 1082 799,
1404 1003 1456 1067 10.

120 1113 269 1191 842,15.
294 1115 369 1190 278,
387 1114 440 1180 25.
465 1115 538 1189 874,
557 1115 607 1178 12.
634 1114 706 1187 882,
728 1115 777 1179 17.
803 1114 877 1190 917,
896 1115 925 1180 6.
951 1114 1094 1193 998,13.
1121 1114 1220 1189 1028,
1235 1114 1264 1177 8.
1291 1111 1386 1188 1075,
1404 1110 1455 1174 25.

122 1220 221 1299 1116,
239 1222 293 1285 22.
320 1221 478 1299 1116,22.
505 1221 665 1297 1117,19.
693 1221 852 1297 1121,19.
882 1220 975 1299 1126,
988 1221 1016 1284 9.
1045 1221 1140 1300 1129,
1153 1221 1204 1283 23.
1231 1217 1455 1296 1139,13,14.

126 1325 296 1405 1145,16.
322 1327 395 1405 843,
414 1328 443 1391 7.

571 1469 645 1588 31)
678 1471 748 1566 116
781 1471 1022 1590 genetivo.

232 1645 373 1712 (16661161
389 1665 463 1711 6666
471 1646 647 1730 Appianeus
663 1649 748 1730 patet
761 1647 922 1723 latissime,
939 1647 1092 1730 imprimis
1108 1646 1247 1730 partitivi
1262 1647 1293 1712 61
1308 1644 1456 1710 611661161.

232 1751 277 1817 Ao
300 1752 521 1835 partitivum
549 1753 674 1835 quidem
696 1772 926 1836 nonnumquam
951 1755 995 1818 ita
1019 1754 1159 1836 usurpat,
1189 1754 1225 1817 ut
1253 1753 1284 1816 et
1307 1750 1459 1817 contineat

121 1876 235 1922 nomen
259 1859 417 1942 proprium
441 1860 471 1924 ot
495 1859 664 1942 dependeat
687 1880 705 1925 a
728 1861 873 1926 nomine
896 1860 1053 1945 proprio,
1079 1860 1160 1943 quod
1174 1858 1306 1924 maxima
1322 1857 1404 1923 cadit
1426 1856 1458 1920 in

121 1963 224 2029 locum
250 1965 303 2045 97,
321 1966 350 2043 9,
375 1967 412 2031 de
436 1986 496 2048 quo
518 1966 688 2032 accuratius
704 1966 816 2049 dicam,
840 1967 953 2051 quippe
970 1968 1022 2049 qui
1038 1968 1079 2033 sit
1093 1968 1191 2033 instar
1211 1965 1346 2031 omnium
1363 1963 1458 2029 maxi-

121 2089 234 2152 meque
258 2073 384 2137 vexatus
400 2074 438 2139 ab
453 2073 628 2139 hominibus
644 2073 751 2150 doctis,
774 2093 905 2155 quorum
929 2091 1017 2139 nemo
1033 2075 1066 2138 in
1081 2075 1181 2139 verbis
1203 2071 1326 2137 traditis
1349 2071 1459 2138 αὐτῶν

80 2239 84 2246 .
122 2181 314 2267 Σεγηδαίων
342 2178 503 2261 acquievit.
551 2178 611 2245 Sed
633 2179 688 2244 alii
712 2180 773 2246 alia
796 2180 980 2247 conicientes
1002 2181 1120 2245 nullam
1147 2180 1251 2245 tamen
1279 2177 1459 2243 addiderunt

123 2285 330 2367 suspicionem
361 2287 416 2352 661
444 2287 691 2371 explicationem,
723 2287 783 2352 nisi
815 2288 897 2370 quod
920 2287 1016 2354 Schu.
1048 2287 1206 2354 adnotavit
1237 2287 1293 2362 ,ab
1316 2283 1460 2349 Arevacis

124 2391 235 2455 ducem
259 2391 355 2458 fuisse
378 2396 514 2459 creatum
540 2414 575 2458 er
598 2395 662 2460 toto
686 2413 799 2460 conexu
823 2395 981 2478 apparet“.
1030 2395 1098 2476 Qua
1126 2394 1158 2459 in
1185 2413 1217 2458 re
1240 2412 1310 2458 cum
1334 2410 1368 2457 oo
1390 2409 1459 2454 oon-

123 2497 232 2564 sentio.
268 2499 404 2566 0666666
427 2500 507 2565 enim
532 2501 751 2567 sententiarum
775 2503 822 2566 est
844 2501 907 2566 hic:
937 2502 1067 2580 „Annaei
1091 2501 1130 2566 ad
1145 2502 1264 2566 tantam
1285 2497 1460 2563 comitatem

123 2606 199 2669 sunt
214 2606 376 2690 progressi,
399 2607 436 2670 ut
451 2606 618 2690 Segedaeos
633 2607 777 2690 profugos
793 2628 850 2674 non
868 2610 966 2674 solum
982 2608 1160 2691 reciperent,
1177 2607 1229 2672 sod
1246 2606 1340 2671 etiarn
1356 2623 1459 2670 suum

125 2711 237 2776 ducem
261 2730 297 2777 er
319 2713 357 2778 iis
379 2714 545 2779 crearent.“

234 2818 490 2884 Desideraverunt
518 2821 624 2884 autem
653 2820 791 2886 homines
822 2821 919 2899 docti,
944 2822 976 2886 ni
998 2822 1102 2898 fallor,
1131 2838 1294 2903 pronomen
1322 2818 1459 2885 6661661

125 2923 324 3008 participium
356 2926 434 2991 ἕντο
466 2929 535 3008 post
565 2932 750 3016 Σεγηὸαίων
783 2928 831 2993 661
862 2930 1043 2995 vocabulum
1072 2928 1107 3007 ἐξ
1135 2928 1205 2992 6616
1229 2926 1337 2993 αὐτῶν
1368 2924 1459 3007 (quod

125 3031 257 3096 inseruit
278 3031 344 3115 ipse
366 3031 553 3116 Stephanus,
578 3053 647 3098 cum
672 3033 796 3117 scripsit
819 3036 867 3100 661
890 3036 991 3117 potius
1015 3035 1106 3100 scribi
1129 3034 1241 3099 maluit
1264 3033 1300 3098 ἐκ
1324 3043 1387 3098 τῶν
1409 3034 1460 3115 Σ.)

127 3137 177 3202 661
198 3137 262 3203 1616
283 3137 367 3219 quid,
391 3157 450 3220 quo
466 3140 638 3205 accuratius
653 3140 879 3223 significaretur
894 3141 973 3207 ratio
987 3140 1145 3225 partitiva,
1170 3160 1247 3223 quae
1263 3137 1462 3205 intercederet

127 3246 208 3310 inter
223 3245 334 3328 Κάρον
348 3248 380 3310 61
394 3245 504 3312 αὐτῶν
519 3251 712 3335 Ryndacos.
738 3247 838 3328 Quam
854 3249 1015 3324 rationem,
1032 3248 1155 3313 etiamsi
1175 3249 1246 3324 153,
1263 3249 1315 3311 26.
1334 3245 1461 3322 915,10

128 3351 198 3418 aliis
207 3350 319 3418 locisA
338 3351 501 3417 inseruerit
517 3379 570 3430 τις,
586 3353 741 3419 traditis
758 3354 879 3419 verbis
895 3355 1010 3436 optimo
1026 3355 1154 3437 exprimi
1171 3354 1393 3439 intellegemus,
1409 3350 1462 3415 ubi

129 3458 405 3540 comparaverimus
414 3460 493 3524 locos
504 3459 577 3538 176,
590 3459 640 3524 13.
658 3460 733 3536 348,
746 3462 797 3527 23.
810 3462 884 3537 349,
897 3463 926 3527 5.
939 3463 1013 3539 351,
1028 3464 1055 3528 l.
1066 3462 1142 3540 414,
1153 3464 1182 3526 6.
1194 3463 1269 3540 361,
1281 3461 1333 3527 26.
1346 3459 1420 3537 353,
1430 3459 1460 3522 3.

237 3566 304 3648 Quo
325 3566 473 3631 accedunt
499 3566 570 3645 loci,
600 3567 711 3648 quibus
739 3568 898 3651 genetivus
921 3570 1086 3652 partitivus
1110 3568 1278 3652 dependeat
1302 3588 1320 3633 a
1342 3564 1462 3631 nomine

131 3671 261 3755 proprio,
283 3692 391 3739 nomen
406 3673 563 3755 proprium
579 3673 645 3757 ipse
661 3695 719 3740 non
735 3676 791 3740 sit:
816 3676 869 3754 46,
886 3680 905 3739 5
923 3674 969 3762 (οἱ
984 3678 1130 3765 Τιγύριοι
1145 3680 1172 3745 δ’
1188 3677 1311 3760 αὐτῶν)
1328 3674 1401 3750 229,
1420 3673 1461 3736 13

132 3778 198 3860 (611
219 3773 305 3868 ἦσαν
326 3778 407 3844 idem
431 3780 478 3844 est
501 3781 591 3862 atque
611 3781 769 3860 ,stabant“
796 3802 866 3846 oum
884 3784 959 3863 442,
976 3784 997 3848 4
1021 3785 1180 3869 genetivus
1196 3783 1317 3848 etiamsi
1332 3800 1402 3845 cnm
1418 3779 1460 3843 M.

134 3887 217 3953 οὕτω
246 3886 279 3950 16
308 3887 385 3952 ὅτου
411 3887 566 3952 mutemus
595 3907 653 3953 non
683 3888 854 3972 dependeat
876 3911 895 3955 a
920 3899 1093 3975 Προυσίας,
1116 3892 1169 3956 sed
1192 3892 1230 3954 ab
1254 3885 1305 3977 ἦν)
1329 3887 1403 3963 254,
1423 3885 1461 3948 19

134 3993 210 4074 (τῶν
223 3997 352 4059 παίδων
366 3993 542 4084 Γολόοσην)
559 3995 631 4069 364,
651 3995 680 4060 2.
705 3996 780 4073 477,
795 3996 845 4061 15.
871 3998 945 4071 547,
965 3999 1015 4062 19.
1041 3998 1169 4064 68112
1187 3996 1253 4076 (ubi
1270 3994 1311 4058 M.
1330 3993 1351 4058 1.
1368 3995 1462 4057 inter-

134 4098 305 4179 punctionis
332 4099 456 4184 signum
484 4100 570 4183 ponit
599 4103 670 4166 ante
704 4105 910 4190 Σπάρτακος.
945 4143 980 4150 -
1018 4104 1162 4170 lliusdem
1196 4104 1326 4187 paginae
1359 4120 1385 4165 v.
1422 4098 1462 4163 16

136 4203 240 4284 quidni
260 4203 306 4300 L
319 4206 465 4272 struxerit
486 4214 573 4275 θέαν
596 4209 823 4288 ἐπιδεικνύναι,
847 4211 900 4291 qui
924 4210 1057 4288 25616
1082 4210 1237 4293 scripserit
1258 4215 1346 4274 θέαν
1360 4207 1461 4273 idcir?

136 4309 171 4374 61
194 4311 274 4390 699,
291 4311 343 4378 10.
367 4313 446 4393 944,
462 4316 514 4379 27.
542 4315 619 4396 799,
636 4317 672 4393 9;
699 4317 782 4383 idem
806 4337 874 4383 vero
896 4317 1026 4383 recurrit
1049 4319 1128 4396 802,
1146 4319 1202 4401 20)
1226 4316 1302 4393 887,
1320 4316 1359 4379 21
1386 4312 1464 4395 (τῶν

137 4416 306 4507 δημάρχων
326 4419 465 4500 {discor
486 4421 561 4488 Mle.
587 4426 645 4510 τις)
670 4425 748 4504 728,
766 4427 796 4490 2.
822 4425 901 4504 826,
927 4426 969 4489 22
998 4426 1074 4506 (τῶν
1096 4422 1309 4513 ἀνδροφόνων
1331 4429 1462 4504 Δέκμος,

136 4521 202 4590 ute.
224 4519 288 4608 εἷς)
311 4529 455 4604 801,12.
