3156 5086
660 267 858 330 -7..

97 463 171 542 842,
190 463 230 527 13
254 466 322 547 (rioci
347 473 446 551 σφᾶς
469 463 538 544 post
561 463 581 550 ή
604 461 721 552 βουλή)
744 463 857 540 478,9
886 459 1022 547 (noceor
1044 464 1113 545 post
1136 474 1290 549 στρατοῦ,
1318 464 1427 552 191111),

95 569 283 653 singularem
306 571 381 661 488,
400 570 440 633 17
466 569 584 658 (αὐτὴν
604 571 744 653 spectans
758 569 797 633 ad
814 570 970 653 στρατιάν
985 568 1065 650 quod
1081 570 1247 645 antecedit3
1270 570 1301 635 in
1318 570 1428 647 αὐτὸν,
1518 646 1522 652 ,

95 675 154 740 nisi
182 676 219 741 de
248 679 394 761 πολέμου
419 667 541 752 dicitur,
565 674 728 759 Sobora),
760 675 902 741 adiectivi
931 675 1082 757 pluralem
1106 675 1180 753 887,
1200 678 1239 742 17
1270 675 1303 766 (ἡ
1325 677 1430 767 βουλή

95 788 169 849 cora
192 784 253 866 μὲν
276 783 462 869 ἀγχώμαλοι
486 819 529 829 -—
553 783 760 870 περιῆλθον).
1244 793 1246 797 ’

202 891 354 975 andrapon
377 910 447 954 cum
463 890 546 954 verbi
568 889 683 973 plurali
705 889 899 955 coniunctum
915 888 1048 973 legimus
1071 890 1206 966 835,14
1230 892 1339 980 (ἤστην
1354 890 1425 956 ἐκά-

96 994 198 1083 ιερος)
223 998 298 1073 267,
317 1001 346 1062 9.
374 996 447 1071 797,
466 996 495 1061 4.
521 996 664 1074 22816,
689 1016 759 1061 cum
782 994 969 1079 pronominis
984 995 1097 1078 plurali
1122 997 1196 1074 539,
1213 996 1255 1061 25
1280 997 1427 1082 (τὸνμὲν

93 1104 233 1189 copario
256 1105 364 1169 αὐτῶν
387 1104 523 1179 ὥπλιζεν
546 1104 707 1190 ἑκάτερος,
730 1101 823 1180 Nic),
848 1121 917 1167 oum
940 1100 1096 1185 participii
1119 1101 1267 1185 singulari
1290 1104 1321 1167 et
1343 1103 1427 1169 verbi

93 1208 172 1273 finiti
202 1209 314 1293 plurali
339 1209 413 1286 972,
430 1211 473 1273 24
497 1209 622 1295 (χωρῶν
644 1210 679 1274 δὲ
704 1208 856 1294 ἑκάτερος
873 1248 913 1257 -
931 1207 1157 1293 σταθμεύοσι),
1181 1227 1252 1273 611111
1274 1209 1427 1292 participii

92 1315 242 1398 singulari
259 1316 333 1393 686,
350 1315 369 1378 9
387 1315 551 1399 (ἑκάτερος
562 1315 819 1399 -nocoripaoogl
837 1314 983 1392 166911
1002 1315 1069 1391 cet,
1086 1333 1155 1379 oum
1172 1315 1256 1380 verbi
1272 1316 1303 1379 et
1318 1334 1426 1397 prono-

93 1421 186 1485 minis
210 1421 320 1503 plurali
346 1422 456 1502 973,2
481 1420 891 1506 (περινεύοντες-ἔδοξαν
914 1419 1088 1508 ἀλλήλους
1112 1422 1263 1508 ἑκάτερος
1287 1424 1426 1509 στρατὸν

93 1527 149 1594 ἐπὶ
172 1538 259 1615 σφᾶς
282 1531 542 1616 ἐφιπεμφθέντα
565 1525 661 1605 εἶναι,
685 1528 781 1593 Schv.
798 1527 870 1592 Mfo.
880 1527 913 1611 ¹),
936 1525 1070 1605 ἕκαστος
1096 1529 1169 1604 747,
1188 1531 1206 1592 8
1231 1547 1302 1593 cum
1325 1527 1425 1593 verbi-

92 1633 216 1715 plurali.
469 1705 471 1709 ,

198 1741 433 1807 Enumeratione
464 1741 594 1823 quadam
627 1740 737 1805 nit'tur
766 1740 894 1823 pluralis
924 1739 1008 1805 verbi
1035 1739 1116 1804 finiti
1147 1741 1280 1820 637,13
1311 1740 1423 1828 (καίή

92 1849 220 1935 κεφαλή
250 1851 305 1914 καὶ
335 1852 429 1914 τοῦδε
458 1852 513 1914 καὶ
533 1848 697 1914 Ἀντωνίου
722 1885 765 1892 -
788 1851 844 1914 καὶ
873 1857 936 1913 νῶν
963 1849 1071 1912 ἄλλων
1096 1885 1135 1892 -
1160 1848 1424 1937 προυτέθησαν)

91 1955 242 2030 685,16.
275 1955 426 2030 86315.
458 1955 540 2034 844,
558 1956 598 2018 22
630 1951 697 2039 (ubi
727 1955 923 2020 enumeratur
952 1973 1011 2018 non
1041 1972 1094 2035 par
1124 1956 1179 2021 καὶ
1201 1953 1256 2018 sed
1278 1973 1333 2036 per
1355 1952 1422 2043 ⁷7²),

91 2060 243 2144 participii
269 2061 364 2138 1050,
388 2063 430 2126 23
461 2061 516 2142 (ου’
540 2061 598 2147 γάρ
628 2088 673 2138 τις
702 2061 811 2127 αὐτῶν
833 2071 985 2146 Βροῦτον
1007 2062 1027 2150 ή
1051 2059 1193 2127 Κάσσιον
1216 2062 1293 2127 οὐδὲ
1323 2063 1421 2151 ήσσω-

89 2167 408 2249 prenominatorum
433 2167 481 2232 hio
497 2186 625 2250 quoque,
641 2167 790 2249 pluralem
806 2167 979 2250 respiciens,
1004 2171 1059 2233 καὶ
1073 2185 1127 2250 pro
1142 2168 1163 2257 ἥ
1178 2168 1421 2251 exspectaveris).

90 2273 164 2352 849,
181 2274 223 2338 26
249 2274 314 2355 (ubi
338 2276 485 2340 verbum
502 2274 685 2363 singulari
700 2274 834 2358 positum
850 2276 897 2341 est
917 2277 1058 2340 numero!
1082 2274 1268 2360 ἀγγέλλειαι
1283 2274 1423 2354 Κάσσιός

90 2404 124 2446 τε
142 2382 197 2446 καὶ
213 2390 361 2464 Βροῦτος
378 2382 607 2471 ἀφῃρημένον),
632 2381 818 2447 substantivi
836 2382 908 2459 191,
927 2383 968 2445 22
993 2381 1039 2462 (oi
1052 2381 1179 2465 ἀνδρῶν
1194 2385 1249 2448 καὶ
1264 2393 1422 2466 γυναικῶν

89 2486 243 2572 ἀρίστων,
275 2486 350 2554 Mrs.
381 2490 485 2552 contra
508 2487 772 2574 Wessolingiurn).
819 2487 1010 2572 singularem
1034 2487 1175 2553 exhibent
1203 2487 1262 2553 loci
1287 2489 1359 2566 742,
1378 2490 1420 2554 22

88 2590 242 2680 (θαρρεῖν
258 2594 408 2661 ἐκέλευον
424 2597 456 2660 οἱ
470 2595 675 2681 θεράποντες
686 2596 742 2661 τὸν
756 2595 1006 2684 κυβερνήτην-
1018 2633 1061 2640 -
1072 2596 1128 2661 τὸν
1143 2596 1204 2678 μὲν
1214 2595 1252 2684 δή
1268 2596 1421 2679 ποταμόν

89 2700 106 2765 ὃ
130 2701 325 2791 κυβερνήτης
349 2701 469 2794 εἰρεσίᾳ
493 2700 681 2786 βιαζόμενος
705 2700 810 2778 ἔπλει,
832 2702 874 2780 οἷς
903 2705 929 2767 δ’
954 2701 1009 2769 ἐπὶ
1032 2703 1088 2779 τοὶς
1112 2702 1248 2785 ἐκβολὰς
1271 2701 1419 2788 ἄφίκετο,

88 2804 160 2870 Mic.
191 2805 223 2870 in
254 2807 420 2894 epineton
451 2808 523 2871 item
556 2808 587 2871 in
617 2808 691 2873 locis
716 2809 793 2887 756,
810 2813 839 2875 9.
872 2809 946 2885 967,
964 2810 994 2874 8.
1026 2808 1105 2883 394,
1123 2810 1173 2873 26.
1207 2808 1321 2886 648,6
1353 2809 1420 2891 (ubi

88 2912 234 2990 ἀπαθεῖς
257 2913 488 2997 exspectaveris)
514 2914 587 2993 161,
603 2917 632 2980 8.
659 2916 964 2993 960,17.748‚11.
991 2916 1064 2990 139,
1082 2914 1124 2978 25
1148 2932 1201 2995 pro
1216 2913 1350 2996 Appiani
1373 2914 1420 2979 in·

86 3019 258 3084 constantia
280 3019 492 3085 offendendum
517 3040 581 3086 esse
604 3023 681 3087 mihi
704 3042 762 3088 non
788 3021 916 3087 videtur.
959 3020 1053 3100 1627,
1071 3021 1138 3100 3,4
1162 3021 1313 3104 pluralem
1336 3024 1416 3086 recte

87 3126 286 3191 restituerunt
309 3126 407 3195 Sohvv.
431 3129 463 3193 et
485 3127 529 3194 M.

556 3324 610 3442 3)
642 3291 714 3419 lle
747 3323 951 3420 casibus.

193 3501 224 3583 a)
249 3500 299 3563 De
322 3499 551 3565 accusativo:

192 3606 228 3670 In
243 3606 413 3671 accusativo
429 3605 603 3690 usurpando
618 3605 740 3689 propria
762 3605 824 3670 iere
839 3625 898 3671 non
914 3606 1034 3671 exhibet
1050 3607 1098 3683 Α,
1123 3607 1182 3672 nisi
1197 3608 1278 3689 quod
1297 3608 1417 3692 saepius

87 3711 216 3796 legimus
250 3711 381 3796 figuram
416 3713 649 3798 etymologicam
685 3715 717 3778 et
753 3713 960 3778 accusativum
997 3713 1181 3780 absolutum.
1236 3713 1418 3780 Accumtius

86 3818 187 3884 tamen
210 3818 245 3882 ut
269 3821 299 3883 et
322 3819 397 3885 haec
419 3823 450 3884 et
473 3819 535 3886 alia
550 3820 700 3901 quaedam
723 3820 873 3902 proferam
898 3820 1024 3884 inducor
1039 3820 1197 3885 nonnullos
1212 3820 1292 3887 locos
1316 3822 1414 3887 defen-

86 3923 175 3988 dendi
197 3925 360 3993 occasione.

191 4031 339 4114 Figuram
354 4033 450 4118 igitur
473 4031 756 4117 etymologicam
780 4032 921 4097 exhibent
934 4030 1004 4110 loci,
1027 4051 1102 4113 quos
1118 4032 1241 4115 quidem
1262 4035 1415 4116 conquisi-

86 4137 189 4215 verim,
213 4138 270 4214 29,
295 4157 330 4202 ex
352 4140 469 4220 quibus·
490 4139 620 4204 referam
647 4141 743 4205 locos:
769 4138 878 4216 91,18
902 4138 1084 4223 (ἀρξάντων
1107 4140 1165 4228 τήν
1187 4140 1415 4228 αὐτοκράτορα

87 4243 195 4331 ἀρχήν,
219 4242 257 4309 cf.
275 4243 349 4323 375,
368 4247 409 4310 14
433 4256 487 4336 τῆς
502 4245 602 4334 ἀρχῆς
619 4255 673 4334 τῆς
689 4244 767 4333 ε’μής
783 4243 882 4332 ἄρξω)
910 4245 981 4322 196,
998 4246 1041 4310 26
1064 4245 1186 4330 (τρίτον
1200 4247 1416 4332 πόλεμονκαὶ

192 4419 215 4488 1)
233 4418 267 4473 ci.
286 4419 317 4474 de
336 4419 405 4489 sign.
424 4418 496 4474 verb.

191 4507 217 4577 ²)
234 4507 268 4564 cf.
287 4507 319 4563 dc
336 4507 481 4577 particulis.
