3156 5086
628 275 849 340 ..63-

69 468 140 536 loca
162 468 337 551 compulsis,
360 468 454 534 multi
477 489 513 535 ex
536 468 574 534 iis
597 472 629 535 et
650 469 769 554 pedites
793 470 823 533 et
846 468 964 552 equites
987 487 1056 534 curn
1081 469 1167 551 equis
1190 489 1251 551 per
1274 468 1411 552 praeci-

70 576 171 658 pitia
203 575 319 641 detrusi
349 576 453 639 sunt“.
505 575 611 659 Neque
640 576 744 641 tamen
775 576 856 640 recte
886 575 1030 640 vertendo
1060 575 1221 640 discrimen
1253 577 1407 658 expressit.

70 682 154 746 Nam
177 683 204 747 si
227 681 317 748 modo
341 681 495 764 (quamvis
519 681 694 764 artificiose)
718 681 821 747 locum
843 680 1038 764 interpretari
1054 680 1204 757 volnmus,
1229 681 1326 746 facere
1349 702 1409 748 non

69 808 243 872 possumus,
269 788 342 870 quin
365 786 562 878 ἀπόκρημνα
585 788 775 866 vocabulum,
801 787 881 868 quod
905 787 986 870 apud
1003 789 1040 852 A.
1065 789 1101 852 ut
1125 787 1246 854 omnino
1270 789 1332 854 sive
1356 808 1409 871 pro

70 895 263 960 substantivo
287 896 349 960 sive
373 913 428 976 pro
450 894 597 961 adiectivo
613 895 795 976 usurpatum
820 893 971 978 significet
986 895 1053 960 loca
1068 898 1245 977 praerupta,
1270 896 1408 974 declivia,

69 1003 175 1081 ardua,
200 1001 380 1086 praecipitia
387 1001 420 1084 ¹),
437 1019 525 1066 versu
542 1002 583 1068 10
599 1002 814 1086 intellegamus
829 1001 897 1067 loca
911 1003 1074 1083 praerupta
1091 1001 1407 1085 (schluchtenreiches,

69 1108 284 1199 absclpdssiges
307 1105 456 1193 Terrain),
482 1126 570 1173 versu
596 1109 635 1172 12
660 1107 794 1191 singulos
816 1108 896 1173 locos
920 1111 1098 1191 praeruptos
1122 1107 1305 1191 (Athange).
1354 1109 1407 1175 Sin

70 1217 175 1281 autem
198 1217 328 1296 utroque
350 1215 415 1282 loco
437 1214 518 1280 idem
542 1215 748 1301 significatur,
780 1216 990 1297 exspectamus
1013 1217 1082 1297 post
1104 1226 1272 1283 κανέωσαν
1294 1234 1352 1281 non
1377 1216 1408 1294 ἐς

69 1322 112 1387 coi
143 1321 357 1413 ἀπόκρημνα,
389 1321 440 1385 sed
471 1321 503 1399 ἐς
532 1321 617 1405 (τὰς)
643 1321 810 1409 φάραγγας
839 1320 890 1405 (cf.
919 1321 1068 1399 112,13.
1094 1322 1175 1400 124,
1193 1324 1221 1387 4.
1256 1322 1406 1400 609,19.

71 1429 147 1505 608,
166 1429 196 1493 6.
215 1429 288 1507 288,
306 1429 336 1494 5.
354 1428 429 1505 868,
446 1428 480 1511 8)
496 1427 543 1492 vel
560 1427 627 1494 ἀπό
646 1427 757 1510 (καοά)
774 1437 838 1493 τῶν
855 1426 936 1508 (ἀπο
947 1429 1003 1508 -)
1020 1428 1171 1518 κρημνῶν
1186 1428 1236 1512 (cf.
1253 1429 1357 1506 540,1
1384 1431 1405 1511 ).

71 1535 161 1615 Quod
186 1535 263 1600 mihi
279 1534 430 1612 concedet,
454 1534 638 1616 quicumque
653 1533 874 1616 comparaverit
889 1532 970 1599 locos
987 1535 1061 1610 318,
1081 1537 1099 1599 6
1121 1533 1169 1616 (τό
1189 1535 1407 1625 ἀπόκρημνον,

69 1641 103 1720 ἐς
128 1642 405 1725 ὃ...ἀνὲβαιναν)
430 1642 461 1705 et
485 1640 625 1719 158,13
655 1640 748 1716 (ἀνω
778 1641 861 1727 πρὸς
892 1641 932 1706 roi
959 1641 1171 1732 ἀπόκρημνα,
1202 1641 1239 1707 cf.
1267 1642 1406 1718 158,16

68 1749 257 1836 ἀνεπήδων
279 1747 336 1815 ἐπὶ
358 1746 433 1824 νοός
456 1743 640 1836 κρημνόνς).

178 1855 253 1920 dam
282 1872 368 1933 vero,
399 1853 436 1918 ut
465 1872 528 1918 rem
559 1852 837 1936 comprehendendo
868 1852 1074 1933 diudicemus,
1105 1853 1131 1918 si
1155 1853 1188 1931 ἀς
1211 1854 1408 1945 ἀπόκρημνα

68 1961 224 2046 significat
238 1979 391 2038 sursum,
417 1961 625 2042 exspectamus
648 1967 815 2024 socienno
839 1959 906 2025 ἀπό
931 1969 995 2025 κάν
1015 1959 1237 2048 ἀποκρήμνων
1259 1961 1308 2025 vel
1323 1962 1407 2026 καοά

68 2079 133 2136 τῶν
156 2077 316 2159 κρημνῶν,
340 2065 388 2131 sin
411 2066 515 2131 antem
540 2065 695 2149 significat
717 2065 884 2131 deorsum
908 2066 1005 2149 (velut
1029 2066 1103 2144 581,
1121 2069 1168 2151 9).
1193 2068 1285 2133 verba
1309 2067 1341 2145 ἐς
1365 2070 1406 2134 coi

68 2174 266 2265 ἀπόκρημνα
289 2192 344 2239 aus
367 2173 529 2238 molestam
554 2171 695 2238 exhibent
719 2172 910 2238 iterationem
935 2173 991 2238 aut
1013 2173 1176 2239 artificiosa
1199 2175 1291 2258 egent
1312 2175 1406 2238 inter-

71 2281 252 2365 pretatione.

177 2387 261 2468 Quae
284 2405 355 2451 cum
379 2385 424 2450 ita
447 2384 518 2465 sint,
543 2384 682 2467 equidem
707 2384 739 2462 ἐς
764 2385 803 2450 νά
830 2384 1026 2475 ἀπόκρημνα
1054 2387 1205 2462 eiecerim3
1233 2386 1404 2468 quodcum

68 2495 157 2569 facio,
182 2514 239 2559 non
263 2510 350 2575 nego,
374 2491 415 2557 κά
439 2490 636 2582 ἀπόκρημνα
652 2490 823 2574 significare
846 2510 933 2573 posse
957 2491 1092 2577 singulos
1115 2494 1194 2558 locos
1218 2495 1405 2576 praeruptos
1514 2560 1517 2565 ⁴

68 2603 89 2668 i.
108 2622 132 2667 e.
157 2602 237 2666 idern
260 2601 324 2664 fere
348 2601 440 2679 atque
457 2599 621 2685 φάραμγες
637 2597 684 2662 vel
700 2597 874 2685 βόραθρα;
898 2599 993 2664 immo
1010 2599 1091 2665 idem
1106 2600 1261 2684 significat
1277 2601 1351 2676 890,
1369 2600 1405 2674 2,

68 2711 125 2775 hoc
149 2708 246 2773 solum
270 2705 429 2785 contendo,
454 2704 644 2787 Appianum,
673 2703 699 2768 si
723 2703 797 2786 quid
820 2704 1000 2780 addidisset,
1029 2705 1207 2771 additurum
1229 2726 1288 2772 non
1310 2705 1406 2770 luisse

67 2817 160 2880 verba
185 2814 217 2892 ἐς
244 2814 281 2880 κά
305 2811 511 2900 ἀπόκρημνα,
534 2810 647 2895 quippe
670 2829 747 2892 quae
764 2810 926 2876 molestam
942 2810 1150 2877 exhibuissent
1165 2812 1356 2879 iterationem
1375 2814 1407 2877 et

68 2920 272 2985 mutationem
295 2917 528 3001 significationis
551 2916 756 2982 artificiosam.

176 3027 271 3090 Locus
288 3027 390 3089 summ
408 3025 482 3101 389,
500 3024 542 3088 25
558 3063 592 3071 -
607 3025 681 3104 390,
699 3025 727 3103 l,
751 3025 804 3089 ubi
819 3023 923 3108 paullo
945 3026 1013 3107 post
1028 3025 1103 3110 ὄρος
1125 3025 1338 3117 ἀπόκρημνον
1361 3027 1405 3091 le-

69 3133 170 3216 gimus
201 3132 378 3209 ἐξόπιπνον
407 3131 439 3208 ἀς
462 3130 503 3195 τὰ
527 3131 722 3222 ἀπόκρημνα
752 3136 807 3199 καὶ
834 3141 1070 3220 κατεφέροντο,
1099 3151 1187 3197 meae
1217 3132 1406 3199 coniecturae

68 3260 127 3305 non
150 3239 314 3323 repugnat3
340 3256 412 3301 nam
435 3238 525 3319 plane
548 3238 696 3323 gemellus
718 3256 777 3303 non
801 3239 856 3318 est,
880 3238 1059 3321 praesertim
1085 3258 1155 3304 oum
1179 3239 1404 3304 adiectivum

69 3347 281 3436 ἀπόκρημνον
303 3344 459 3428 repetatur
483 3344 719 3410 substantivo
742 3343 945 3435 ἀπόκρημνα.
971 3382 1013 3391 -

176 3452 235 3517 Sed
264 3451 327 3517 iam
357 3469 455 3532 pauca
486 3448 597 3516 addaiu
630 3451 671 3516 de
704 3450 985 3535 significatione
1014 3451 1242 3534 pronominis
1272 3453 1403 3531 ἀλλος;

69 3560 149 3642 quod
173 3558 293 3641 saepius
316 3558 362 3621 ita
390 3558 488 3637 extat,
516 3559 553 3623 ut
575 3556 728 3642 significet
750 3559 906 3640 praeterea
930 3559 983 3623 aut
1007 3559 1128 3623 omnino
1151 3559 1206 3622 aut
1225 3577 1263 3623 ne
1285 3559 1403 3624 verten-

68 3666 141 3730 dum
166 3664 290 3746 quidem
313 3664 399 3748 811²),
424 3663 463 3730 cf.
489 3664 599 3742 659,7
624 3666 752 3730 lica...
778 3674 841 3730 scio
864 3665 892 3730 δ’
918 3663 1047 3750 ἐχθροῖν
1071 3663 1203 3741 οὐδενὸς
1220 3664 1251 3742 ἐς
1268 3664 1404 3750 ἔσχατον

176 3823 197 3891 1)
216 3822 249 3877 cf.
270 3821 434 3885 108,18,22.
453 3819 567 3886 255,14.
588 3820 648 3886 158,
658 3822 684 3886 8,
695 3821 737 3876 18.
757 3822 818 3886 288,
836 3823 862 3876 4.
883 3822 942 3886 149,
963 3822 1005 3876 14.
1025 3821 1084 3885 818,
1105 3822 1129 3874 6.
1149 3821 1210 3886 386,
1223 3822 1265 3877 21.
1286 3824 1402 3888 387,16.

68 3912 132 3974 889,
146 3912 188 3965 26.
209 3912 273 3975 890,
287 3911 312 3964 2.
331 3911 393 3964 479.
406 3909 449 3964 24.
469 3909 590 3974 586,14.
610 3911 674 3974 914,
689 3912 713 3965 6.
734 3910 872 3975 1027,10.
892 3916 998 3983 κρημνοὶ
1016 3910 1130 3979 legimus
1150 3910 1266 3975 30019.
1285 3912 1346 3977 299,
1359 3911 1402 3978 26,

69 4002 128 4064 117,
142 4001 184 4054 21.
209 3999 267 4063 158,
284 4000 325 4062 16,
338 3998 381 4053 25.
407 3996 467 4061 540,
483 3999 524 4053 12.
549 3998 614 4063 480,
628 4000 657 4066 8,
671 4001 695 4064 6,
711 4001 752 4065 14,
767 4002 810 4055 22.
836 4000 895 4063 609,
912 4000 952 4055 10.
978 4000 1040 4064 838,
1056 4001 1097 4054 17.
1123 4000 1183 4064 981,
1197 4000 1240 4055 24.
1269 4001 1345 4065 1001,
1361 4003 1402 4062 10.

68 4087 145 4152 1022,
159 4088 200 4143 22.
222 4087 300 4153 1025,
314 4088 355 4142 17.
376 4087 454 4151 1088,
468 4089 509 4142 10.
531 4087 607 4153 1184,
620 4090 645 4143 2.
664 4089 726 4154 481,
740 4090 783 4154 22,
801 4106 855 4158 quo
874 4089 930 4144 loce
943 4088 1084 4144 deleverim
1098 4089 1162 4161 πρὸς
1180 4088 1262 4145 αὐτόν
1273 4090 1403 4160 suppletis

67 4176 152 4230 verbis
171 4177 197 4241 ἐς
209 4176 271 4240 νοός
288 4176 425 4248 κρημνοός,
443 4175 585 4245 respiciens
597 4176 667 4232 locos
679 4178 739 4241 890,
754 4179 768 4232 1
787 4180 816 4233 et
835 4179 913 4244 1001,
927 4178 1039 4241 10-12,
1052 4193 1099 4247 pro
1112 4178 1201 4247 inepto
1212 4177 1402 4243 additamento,

67 4264 135 4334 qnod
159 4265 271 4319 sirecte
294 4263 393 4328 fecero,
419 4262 558 4320 adiuvabit
583 4265 648 4320 haec
673 4266 822 4321 coniectura
846 4266 957 4321 alteram
980 4266 1013 4320 de
1037 4265 1095 4321 loco
1120 4267 1187 4332 124,
1203 4268 1236 4322 12
1261 4268 1401 4337 prolatam.

66 4354 179 4427 κρημνός
196 4353 296 4422 legitur
314 4353 379 4417 820,
392 4353 436 4408 25.
456 4352 582 4418 841,14,
602 4361 771 4428 περίκρημνος
789 4354 854 4419 539,
868 4355 911 4410 21.
931 4355 1051 4419 540,17.
1071 4354 1206 4422 102417,
1224 4356 1402 4430 κατάκρημνος

69 4442 130 4509 540,
149 4443 192 4498 21.

172 4530 197 4601 2)
215 4528 248 4585 cf.
266 4528 313 4584 Kr.
332 4530 349 4600 5
370 4529 413 4595 50,
432 4529 457 4596 4,
478 4531 520 4587 11.
539 4529 572 4587 K
591 4530 630 4588 11.
649 4530 710 4598 285,
730 4531 784 4603 1.§
803 4533 864 4599 405,
876 4534 903 4601 1),
922 4533 948 4602 2,
960 4549 982 4600 c,
1001 4532 1062 4589 adn.
1082 4534 1107 4590 l.
1126 4533 1179 4592 Wi.
1197 4550 1223 4605 p.
1242 4534 1303 4590 498.
1322 4535 1339 4604 8
1357 4533 1400 4589 59.
