3156 5086
717 303 940 367 ...64-

161 513 264 570 κακοῦ
290 510 446 589 ηείσεται,
469 500 554 567 ἄλλα
572 501 627 565 καὶ
643 497 718 575 τούς
735 498 931 589 στρατηγούς
954 501 1108 589 ἢταμίας
1131 501 1152 590 ἢ
1171 499 1363 588 χιλιάρχους,
1387 502 1409 591 ἢ
1429 501 1499 567 ὅσοι

162 637 193 677 τι
223 614 430 694 συνέπραξαν
454 608 533 672 ἄλλο
557 616 624 683 τοῖς
648 606 893 688 πολεμίοις...
918 606 1193 691 μετελεύσεσθαι,
1224 606 1313 672 Mfm.
1338 607 1370 672 in
1394 608 1498 674 ἄλλοι.

273 715 402 794 1040,1
429 713 470 792 ὥς
493 713 529 779 δέ
552 720 717 794 κατέσχον,
741 712 826 777 ἄλλα
850 713 924 802 τέλη
949 716 1028 778 δέκα
1049 719 1391 798 μετεστρατοπέδευον
1413 714 1498 802 ὑπὲρ

163 833 263 891 πέντε
287 825 446 898 σταδίους,
470 819 625 886 ἀπιοῦσιν
648 817 703 884 ἐπὶ
719 817 780 904 την
795 815 979 896 θάλασσαν,
1003 820 1059 884 καὶ
1073 818 1159 906 ὑπὲρ
1177 820 1319 899 ἄλλους
1342 830 1499 906 τέσσαρας

165 929 234 1008 δυὀ,
258 929 333 995 Mfo.

271 1035 404 1115 266,16
429 1036 500 1101 ὅσοι
524 1042 578 1121 τῆς
600 1040 769 1121 γερουσίας
793 1034 815 1120 ἢ
839 1042 894 1122 τῆς
918 1033 1017 1121 ἄλλης
1041 1033 1177 1110 πόλεως.

271 1143 345 1218 576,
358 1143 387 1209 3.
413 1138 656 1218 664,13.7,12.
683 1139 757 1214 864,
770 1139 830 1217 61),
856 1139 930 1218 567,
942 1138 1024 1221 201).
1043 1139 1117 1215 883,
1130 1140 1181 1205 25.
1200 1141 1335 1220 889,17.
1354 1140 1429 1218 891,
1451 1141 1497 1202 14.

165 1251 238 1329 923,
259 1251 306 1315 10.
332 1249 467 1327 97313
492 1245 545 1330 (cf.
570 1246 720 1330 97411)
744 1246 819 1322 988,
839 1245 866 1310 7.
894 1245 989 1322 1023,
1008 1245 1037 1310 5.
1064 1245 1159 1324 1078,
1180 1248 1231 1314 21.

269 1357 307 1421 In
329 1352 544 1433 1011010311
571 1352 678 1438 (παροί
701 1377 736 1419 τε
760 1353 817 1429 τὰς
841 1350 960 1442 στήλας
983 1352 1041 1430 τοὶς
1051 1353 1260 1442 Ἡρακλείους
1285 1354 1342 1421 τδν
1357 1353 1501 1441 ηἷκεανδν

164 1464 298 1550 ἐπέρων,
322 1464 377 1528 καὶ
393 1462 432 1528 οἵ
442 1460 504 1546 μέν
519 1459 579 1546 τὴν
595 1461 696 1549 ἄλλην
710 1458 841 1549 Λιβύην
855 1467 1021 1543 κατέσχον,
1046 1461 1084 1539 οἵ
1103 1460 1130 1526 δ’
1147 1462 1265 1550 Οκίλην
1280 1460 1375 1527 πόλιν
1391 1460 1501 1527 έπολι-

164 1570 295 1657 ίρκονν)
330 1568 385 1648 „ob
409 1565 645 1650 ambiguitatem
667 1565 752 1629 illam
777 1563 909 1630 nominis
928 1566 1125 1653 Ἡρακλειῶν
1149 1568 1290 1657 nactast
1319 1567 1500 1632 difficillimo

165 1675 313 1742 Schw¹ro
338 1695 367 1757 p.
393 1676 467 1752 271,
492 1691 559 1738 non
582 1672 663 1737 recte
687 1690 721 1736 or
745 1673 847 1763 ἄλλην
870 1671 983 1750 effecit,
1006 1670 1110 1737 Ocilon
1133 1672 1279 1757 oppidum
1302 1673 1396 1739 fuisse
1418 1673 1500 1738 Afri-

165 1802 286 1859 canum,
311 1782 400 1864 quod,
425 1781 458 1846 si
481 1779 610 1869 Λιβύην
632 1777 842 1856 retinemus,
867 1777 1005 1861 sequitur
1027 1778 1129 1860 potius
1153 1798 1168 1843 e
1192 1781 1378 1845 τ.13-16.
1426 1777 1501 1844 Sen-

165 1889 294 1953 tentiam
319 1888 423 1954 autem
446 1885 803 1968 eocha1p0sruuam
823 1883 1003 1964 „Lusitanos
1025 1884 1104 1960 illos,
1129 1889 1303 1970 expugnata
1319 1886 1501 1970 Gonietorgi,

166 1995 295 2060 navibus
318 1995 474 2061 Oceanum
496 1992 536 2056 ad
558 1992 671 2057 fretum
694 2012 791 2074 usque
814 2011 971 2073 superasse
994 1992 1048 2057 aut
1069 2011 1123 2074 per
1144 1992 1247 2075 ipsum
1270 1993 1363 2058 etiam
1387 1993 1501 2058 fretum

167 2119 231 2167 esso
260 2101 447 2166 transvectos
476 2098 579 2181 ibique
609 2099 741 2164 locorum
773 2099 945 2165 excensione
973 2099 1057 2164 facta
1085 2099 1200 2182 partim
1230 2119 1320 2184 agros
1346 2100 1502 2165 Romanae

168 2207 308 2273 dictionis
332 2205 528 2288 depopulatos
550 2223 625 2285 asse,
649 2205 761 2288 partim
779 2203 885 2270 Ocilen
908 2206 1016 2270 urbom
1039 2205 1208 2272 obsedisse“
1236 2206 1398 2290 quominus
1422 2205 1502 2271 acci-

167 2315 298 2398 piamus,
323 2313 386 2378 stat
409 2332 462 2394 per
486 2313 593 2389 solum,
617 2311 649 2374 ni
665 2310 769 2389 fallor,
794 2312 978 2377 vocabulum
1001 2312 1145 2403 Λιβύην,
1175 2313 1254 2395 quod
1277 2312 1376 2379 nescio
1400 2333 1439 2377 an
1462 2311 1503 2385 sit

167 2421 348 2487 eiciendum.
387 2419 466 2502 Eget
488 2421 592 2485 tamen
615 2417 664 2482 hic
687 2418 770 2484 locus
794 2418 979 2485 accuratiore
1000 2418 1197 2501 inquisitione
1220 2419 1272 2504 (cf.
1290 2419 1384 2485 etiam
1403 2419 1454 2494 13,
1473 2420 1501 2483 7.

169 2530 221 2607 83,
240 2528 292 2593 26.
318 2527 371 2606 58,
389 2527 441 2592 23.
466 2526 554 2604 80,9
579 2524 660 2607 cet).

275 2634 350 2699 Jam
372 2634 491 2698 restant
517 2631 576 2696 loci
607 2630 685 2708 149,
704 2632 723 2694 2
744 2631 885 2715 Ἀννίβας
913 2631 1007 2697 δέ...
1030 2633 1085 2697 καὶ
1113 2639 1147 2698 οί
1170 2633 1237 2716 μετ’
1266 2631 1369 2698 αὐτὸν
1392 2631 1504 2697 ἄλλοι

170 2745 399 2831 Κασχηδονίων
421 2763 457 2805 τε
480 2741 535 2805 καὶ
546 2737 710 2820 Ῥωμαίων
732 2744 913 2827 στρατηγοί.
949 2736 1022 2815 156,
1040 2737 1082 2801 63
1106 2738 1145 2803 coi
1163 2737 1198 2803 δέ
1222 2738 1357 2826 λάφυρα
1383 2737 1418 2804 ἐκ
1443 2747 1505 2805 τῶν

169 2848 265 2932 ἱερῶν
294 2854 550 2934 καταφέροντες,
581 2843 604 2910 οἳ
635 2840 672 2908 ἐκ
702 2844 855 2927 πολέμων
883 2845 992 2910 ἄλλων
1022 2842 1141 2928 κόσμος
1172 2844 1287 2924 αὐτοῖς
1313 2855 1503 2933 περιέκειτο.

172 2952 245 3030 163,
263 2953 293 3019 3.
321 2951 394 3031 172,
411 2951 443 3018 8.
469 2951 543 3030 180,
560 2949 590 3017 5.
618 2949 761 3028 rea-14.
787 2950 861 3028 208,
879 2952 930 3015 23.
956 2950 1098 3031 571,18.
1125 2950 1268 3029 731,11.
1292 2951 1370 3017 Loco
1394 2952 1505 3028 567,3

170 3057 309 3146 (σφαγαὶ
323 3067 386 3123 τῶν
407 3057 442 3125 έν
465 3061 560 3125 ποσίν
583 3057 743 3144 έχίχνοντο
767 3058 901 3147 νηλεεῖς,
924 3061 979 3125 καί
1002 3059 1147 3124 ἄλλων..
1171 3058 1377 3146 προχραφαί)
1403 3056 1504 3132 me.;

170 3164 333 3230 intercedit
356 3164 437 3228 enirn
460 3163 609 3247 oppositio
633 3164 783 3247 quaedam
808 3164 890 3229 inter
913 3173 976 3231 τῶν
998 3165 1033 3232 ἐν
1056 3167 1152 3232 ποσὶν
1175 3166 1206 3229 et
1229 3167 1345 3232 ἄλλων.

278 3269 538 3335 Desideramus
561 3272 659 3350 ἄλλος
683 3272 757 3348 628,
776 3272 818 3334 24
835 3270 999 3357 Τίβυρτόν
1022 3295 1056 3336 τε
1071 3274 1127 3338 καὶ
1142 3272 1344 3358 Πραινεστὸν
1363 3275 1418 3339 καὶ
1433 3274 1508 3338 ὅσαι

172 3386 265 3464 μέχρι
287 3375 415 3467 Νοίλης,
439 3377 470 3440 et
493 3375 629 3453 341,11
656 3377 674 3442 ὁ
703 3377 739 3444 δέ
766 3387 892 3463 Περσεῖ
915 3377 977 3461 μέν
1003 3376 1202 3465 ἀπεκρίνατο
1226 3377 1387 3462 Ῥωμαίων
1413 3378 1523 3458 οίξίας,

173 3484 233 3550 ccix
257 3479 342 3548 εἶναι
365 3481 525 3559 διαλύσεις
548 3483 654 3570 αὐτῷ,
678 3483 711 3550 εί
729 3484 774 3571 μη
798 3487 854 3550 καί
876 3484 1073 3562 Μακεδόνας
1095 3488 1152 3552 καὶ
1174 3485 1295 3552 ἑαυτὸν
1318 3484 1508 3575 ἐπιτρέψειε

168 3592 342 3674 Ῥωμαίοις.

280 3696 325 3760 De
349 3695 539 3760 verborum
559 3695 781 3778 significatione
797 3715 895 3777 pauca
910 3696 1065 3763 observavi
1081 3717 1177 3780 neque
1192 3699 1297 3764 tamen
1312 3700 1377 3762 tam
1392 3697 1508 3781 gravia,

173 3804 210 3867 ut
232 3801 409 3884 proferenda
432 3801 509 3866 mihi
536 3821 572 3866 ea
599 3821 662 3868 esse
686 3802 825 3868 animum
848 3803 1007 3878 inducam3
1034 3806 1168 3869 ceterum
1196 3805 1235 3869 iis
1262 3805 1509 3886 quoqueconfi1·-

176 3910 280 3974 matnr
302 3908 436 3993 Appiani
459 3892 601 3973 varietas.
807 3910 812 3920 ‘

177 4054 388 4061 -ss—

283 4120 305 4189 1)
325 4120 357 4175 ci.
378 4122 438 4185 671,
459 4123 500 4175 16.
521 4121 581 4183 597,
601 4122 616 4174 5
635 4121 712 4175 etde
729 4139 788 4191 gen.
808 4121 859 4191 obj.

282 4208 306 4276 2)
325 4211 358 4263 ot'.
377 4209 410 4263 de
428 4209 559 4280 particula
577 4209 601 4281 ἢ.
