<?xml version="1.0" encoding="UTF-8"?>
<!DOCTYPE html PUBLIC "-//W3C//DTD XHTML 1.0 Transitional//EN"
    "http://www.w3.org/TR/xhtml1/DTD/xhtml1-transitional.dtd">
<html xmlns="http://www.w3.org/1999/xhtml" xml:lang="en" lang="en">
 <head>
  <title>
</title>
<meta http-equiv="Content-Type" content="text/html;charset=utf-8" />
  <meta name='ocr-system' content='tesseract 3.04.00' />
  <meta name='ocr-capabilities' content='ocr_page ocr_carea ocr_par ocr_line ocrx_word'/>
</head>
<body>
  <div class='ocr_page' id='page_1' title='image "./deappianielocut01kratgoog_0023.png"; bbox 0 0 3156 5086; ppageno 0'>
   <div class='ocr_carea' id='block_1_1' title="bbox 668 281 904 344">
    <p class='ocr_par' dir='ltr' id='par_1_1' title="bbox 668 281 904 344">
     <span class='ocr_line' id='line_1_1' title="bbox 668 281 904 344; baseline 0.004 -1"><span class='ocrx_word' id='word_1_1' title='bbox 668 281 904 344; x_wconf 88' lang='lat'>.-10-</span> 
     </span>
    </p>
   </div>
   <div class='ocr_carea' id='block_1_2' title="bbox 122 474 1461 4295">
    <p class='ocr_par' dir='ltr' id='par_1_2' title="bbox 124 474 1461 662">
     <span class='ocr_line' id='line_1_2' title="bbox 229 474 1461 558; baseline 0.004 -20"><span class='ocrx_word' id='word_1_2' title='bbox 229 474 304 538; x_wconf 86' lang='lat' dir='ltr'>Janr</span> <span class='ocrx_word' id='word_1_3' title='bbox 336 494 352 540; x_wconf 91' lang='lat' dir='ltr'>e</span> <span class='ocrx_word' id='word_1_4' title='bbox 385 474 540 558; x_wconf 91' lang='lat' dir='ltr'>partitivis</span> <span class='ocrx_word' id='word_1_5' title='bbox 572 493 590 538; x_wconf 98' lang='lat' dir='ltr'>a</span> <span class='ocrx_word' id='word_1_6' title='bbox 620 474 858 541; x_wconf 87' lang='lat' dir='ltr'>substantivo</span> <span class='ocrx_word' id='word_1_7' title='bbox 889 475 1127 558; x_wconf 77' lang='lat' dir='ltr'>dependentibus</span> <span class='ocrx_word' id='word_1_8' title='bbox 1159 478 1277 543; x_wconf 82' lang='lat' dir='ltr'>restent</span> <span class='ocrx_word' id='word_1_9' title='bbox 1306 478 1461 544; x_wconf 76' lang='lat' dir='ltr'>mentione</span> 
     </span>
     <span class='ocr_line' id='line_1_3' title="bbox 124 579 281 662; baseline 0.013 -20"><span class='ocrx_word' id='word_1_10' title='bbox 124 579 211 662; x_wconf 88' lang='lat' dir='ltr'>digni</span> <span class='ocrx_word' id='word_1_11' title='bbox 234 582 281 645; x_wconf 92' lang='lat' dir='ltr'>hi:</span> 
     </span>
    </p>

    <p class='ocr_par' dir='ltr' id='par_1_3' title="bbox 122 687 1461 1418">
     <span class='ocr_line' id='line_1_4' title="bbox 229 687 1461 775; baseline 0.006 -25"><span class='ocrx_word' id='word_1_12' title='bbox 229 688 341 764; x_wconf 84' lang='lat'>275‚5</span> <span class='ocrx_word' id='word_1_13' title='bbox 372 687 457 775; x_wconf 84' lang='grc' dir='ltr'><em>(μηδ’</em></span> <span class='ocrx_word' id='word_1_14' title='bbox 480 689 702 772; x_wconf 75' lang='grc' dir='ltr'><em>δποκρίνεσθε</em></span> <span class='ocrx_word' id='word_1_15' title='bbox 734 687 840 754; x_wconf 83' lang='grc' dir='ltr'><em>έλεείν</em></span> <span class='ocrx_word' id='word_1_16' title='bbox 868 690 941 772; x_wconf 79' lang='grc' dir='ltr'><em>ἱερά</em></span> <span class='ocrx_word' id='word_1_17' title='bbox 967 693 1022 755; x_wconf 85' lang='grc' dir='ltr'><em>καὶ</em></span> <span class='ocrx_word' id='word_1_18' title='bbox 1045 690 1152 766; x_wconf 78' lang='grc' dir='ltr'><em>ἑστίας</em></span> <span class='ocrx_word' id='word_1_19' title='bbox 1180 694 1235 757; x_wconf 84' lang='grc' dir='ltr'><em>καὶ</em></span> <span class='ocrx_word' id='word_1_20' title='bbox 1262 690 1382 775; x_wconf 76' lang='grc' dir='ltr'><em>ἀγοράς</em></span> <span class='ocrx_word' id='word_1_21' title='bbox 1406 695 1461 758; x_wconf 82' lang='grc' dir='ltr'><em>καὶ</em></span> 
     </span>
     <span class='ocr_line' id='line_1_5' title="bbox 124 788 1460 883; baseline 0.002 -25"><span class='ocrx_word' id='word_1_22' title='bbox 124 794 265 880; x_wconf 69' lang='grc' dir='ltr'><em>τάχους·</em></span> <span class='ocrx_word' id='word_1_23' title='bbox 289 788 339 861; x_wconf 82' lang='grc' dir='ltr'><em>ών</em></span> <span class='ocrx_word' id='word_1_24' title='bbox 363 796 484 881; x_wconf 81' lang='grc' dir='ltr'><em>τάφοι</em></span> <span class='ocrx_word' id='word_1_25' title='bbox 507 796 568 878; x_wconf 84' lang='grc' dir='ltr'><em>μέν</em></span> <span class='ocrx_word' id='word_1_26' title='bbox 591 793 692 859; x_wconf 81' lang='grc' dir='ltr'><em>ἔστων</em></span> <span class='ocrx_word' id='word_1_27' title='bbox 719 788 876 883; x_wconf 83' lang='grc' dir='ltr'><em>άκίνητοί,</em></span> <span class='ocrx_word' id='word_1_28' title='bbox 900 799 937 860; x_wconf 83' lang='lat' dir='ltr'><em>cf.</em></span> <span class='ocrx_word' id='word_1_29' title='bbox 967 795 1068 879; x_wconf 85' lang='grc' dir='ltr'><em>1012,Ι</em></span> <span class='ocrx_word' id='word_1_30' title='bbox 1084 795 1124 859; x_wconf 88' lang='grc'><em>12</em></span> <span class='ocrx_word' id='word_1_31' title='bbox 1149 796 1234 862; x_wconf 70' lang='lat' dir='ltr'>olle</span> <span class='ocrx_word' id='word_1_32' title='bbox 1259 808 1326 875; x_wconf 79' lang='grc' dir='ltr'><em>τοῖς</em></span> <span class='ocrx_word' id='word_1_33' title='bbox 1348 798 1460 882; x_wconf 86' lang='grc' dir='ltr'><em>νόμοις</em></span> 
     </span>
     <span class='ocr_line' id='line_1_6' title="bbox 122 895 1460 989; baseline 0.004 -26"><span class='ocrx_word' id='word_1_34' title='bbox 122 903 178 967; x_wconf 81' lang='grc' dir='ltr'><em>καὶ</em></span> <span class='ocrx_word' id='word_1_35' title='bbox 206 911 248 988; x_wconf 74' lang='grc' dir='ltr'><em>τῷ</em></span> <span class='ocrx_word' id='word_1_36' title='bbox 276 902 385 988; x_wconf 79' lang='grc' dir='ltr'><em>κόσμῳ</em></span> <span class='ocrx_word' id='word_1_37' title='bbox 416 912 467 989; x_wconf 79' lang='grc' dir='ltr'><em>τῆς</em></span> <span class='ocrx_word' id='word_1_38' title='bbox 496 903 675 978; x_wconf 90' lang='grc' dir='ltr'><em>πολιτείας,</em></span> <span class='ocrx_word' id='word_1_39' title='bbox 704 895 756 967; x_wconf 75' lang='grc' dir='ltr'><em>ὧν</em></span> <span class='ocrx_word' id='word_1_40' title='bbox 783 901 913 978; x_wconf 72' lang='grc' dir='ltr'><em>οὐδεὶς</em></span> <span class='ocrx_word' id='word_1_41' title='bbox 940 901 1058 986; x_wconf 84' lang='grc' dir='ltr'><em>νόμος</em></span> <span class='ocrx_word' id='word_1_42' title='bbox 1092 903 1169 970; x_wconf 83' lang='grc' dir='ltr'><em>οὔτε</em></span> <span class='ocrx_word' id='word_1_43' title='bbox 1196 903 1460 988; x_wconf 75' lang='grc' dir='ltr'><em>α’ριστοκρατικός</em></span> 
     </span>
     <span class='ocr_line' id='line_1_7' title="bbox 122 1003 1458 1099; baseline 0.002 -27"><span class='ocrx_word' id='word_1_44' title='bbox 122 1004 231 1092; x_wconf 75' lang='grc' dir='ltr'><em>κύριος</em></span> <span class='ocrx_word' id='word_1_45' title='bbox 254 1008 330 1074; x_wconf 84' lang='grc' dir='ltr'><em>οὔτε</em></span> <span class='ocrx_word' id='word_1_46' title='bbox 349 1010 520 1098; x_wconf 81' lang='grc' dir='ltr'><em>Ιδημοτικὸς</em></span> <span class='ocrx_word' id='word_1_47' title='bbox 537 1007 584 1073; x_wconf 81' lang='grc' dir='ltr'><em>ἔτι</em></span> <span class='ocrx_word' id='word_1_48' title='bbox 599 1003 651 1097; x_wconf 80' lang='grc' dir='ltr'><em>ἢν)</em></span> <span class='ocrx_word' id='word_1_49' title='bbox 668 1008 732 1070; x_wconf 88' lang='grc'><em>402</em></span> <span class='ocrx_word' id='word_1_50' title='bbox 752 1009 791 1071; x_wconf 88' lang='grc'><em>16</em></span> <span class='ocrx_word' id='word_1_51' title='bbox 809 1008 896 1099; x_wconf 81' lang='grc' dir='ltr'><em>(ἵστη</em></span> <span class='ocrx_word' id='word_1_52' title='bbox 913 1011 939 1074; x_wconf 88' lang='grc' dir='ltr'><em>δ’</em></span> <span class='ocrx_word' id='word_1_53' title='bbox 956 1009 998 1074; x_wconf 84' lang='grc' dir='ltr'><em>αί</em></span> <span class='ocrx_word' id='word_1_54' title='bbox 1003 1010 1058 1074; x_wconf 81' lang='grc' dir='ltr'><em>τοί</em></span> <span class='ocrx_word' id='word_1_55' title='bbox 1062 1037 1077 1086; x_wconf 94' lang='grc' dir='ltr'><em>ς</em></span> <span class='ocrx_word' id='word_1_56' title='bbox 1093 1008 1129 1074; x_wconf 85' lang='grc' dir='ltr'><em>έν</em></span> <span class='ocrx_word' id='word_1_57' title='bbox 1143 1018 1240 1097; x_wconf 79' lang='grc' dir='ltr'><em>μέσῳ,</em></span> <span class='ocrx_word' id='word_1_58' title='bbox 1265 1010 1458 1083; x_wconf 76' lang='grc' dir='ltr'><em>διελώνολνδ</em></span> 
     </span>
     <span class='ocr_line' id='line_1_8' title="bbox 123 1110 1459 1206; baseline 0.004 -29"><span class='ocrx_word' id='word_1_59' title='bbox 123 1115 242 1196; x_wconf 75' lang='grc' dir='ltr'><em>χιλίους</em></span> <span class='ocrx_word' id='word_1_60' title='bbox 266 1117 321 1180; x_wconf 82' lang='grc' dir='ltr'><em>καὶ</em></span> <span class='ocrx_word' id='word_1_61' title='bbox 335 1116 522 1192; x_wconf 77' lang='grc' dir='ltr'><em>ἑξακοσίους</em></span> <span class='ocrx_word' id='word_1_62' title='bbox 546 1116 577 1191; x_wconf 89' lang='grc' dir='ltr'><em>ές</em></span> <span class='ocrx_word' id='word_1_63' title='bbox 602 1118 679 1180; x_wconf 90' lang='grc' dir='ltr'><em>δέκα</em></span> <span class='ocrx_word' id='word_1_64' title='bbox 702 1124 794 1204; x_wconf 86' lang='grc' dir='ltr'><em>μέρη,</em></span> <span class='ocrx_word' id='word_1_65' title='bbox 817 1118 872 1181; x_wconf 81' lang='grc' dir='ltr'><em>καὶ</em></span> <span class='ocrx_word' id='word_1_66' title='bbox 897 1115 1020 1180; x_wconf 73' lang='grc' dir='ltr'><em>τούτων</em></span> <span class='ocrx_word' id='word_1_67' title='bbox 1036 1115 1173 1181; x_wconf 71' lang='grc' dir='ltr'><em>ἑκάστου</em></span> <span class='ocrx_word' id='word_1_68' title='bbox 1190 1125 1308 1202; x_wconf 79' lang='grc' dir='ltr'><em>μέρους</em></span> <span class='ocrx_word' id='word_1_69' title='bbox 1324 1110 1459 1206; x_wconf 79' lang='grc' dir='ltr'><em>ἦσαν-</em></span> 
     </span>
     <span class='ocr_line' id='line_1_9' title="bbox 123 1219 1461 1312; baseline 0.003 -30"><span class='ocrx_word' id='word_1_70' title='bbox 123 1221 246 1304; x_wconf 80' lang='grc' dir='ltr'><em>ἄνδρες,</em></span> <span class='ocrx_word' id='word_1_71' title='bbox 262 1219 336 1285; x_wconf 87' lang='lat' dir='ltr'>Mfo.</span> <span class='ocrx_word' id='word_1_72' title='bbox 347 1220 380 1285; x_wconf 84' lang='lat' dir='ltr'><em>in</em></span> <span class='ocrx_word' id='word_1_73' title='bbox 399 1222 532 1308; x_wconf 74' lang='grc' dir='ltr'><em>τούτων)</em></span> <span class='ocrx_word' id='word_1_74' title='bbox 552 1221 647 1292; x_wconf 91' lang='grc'><em>1021,</em></span> <span class='ocrx_word' id='word_1_75' title='bbox 663 1221 682 1284; x_wconf 90' lang='grc'>8</span> <span class='ocrx_word' id='word_1_76' title='bbox 699 1221 772 1302; x_wconf 75' lang='grc' dir='ltr'><em>(δύο</em></span> <span class='ocrx_word' id='word_1_77' title='bbox 790 1221 825 1286; x_wconf 84' lang='grc' dir='ltr'><em>δέ</em></span> <span class='ocrx_word' id='word_1_78' title='bbox 842 1221 939 1286; x_wconf 86' lang='grc' dir='ltr'><em>άετοί</em></span> <span class='ocrx_word' id='word_1_79' title='bbox 950 1221 1175 1299; x_wconf 85' lang='grc' dir='ltr'><em>καταπτάντες</em></span> <span class='ocrx_word' id='word_1_80' title='bbox 1192 1220 1225 1298; x_wconf 83' lang='grc' dir='ltr'><em>ές</em></span> <span class='ocrx_word' id='word_1_81' title='bbox 1242 1231 1304 1287; x_wconf 81' lang='grc' dir='ltr'><em>τῶν</em></span> <span class='ocrx_word' id='word_1_82' title='bbox 1319 1231 1461 1312; x_wconf 82' lang='grc' dir='ltr'><em>σημείων</em></span> 
     </span>
     <span class='ocr_line' id='line_1_10' title="bbox 123 1326 1459 1418; baseline 0.001 -28"><span class='ocrx_word' id='word_1_83' title='bbox 123 1326 181 1391; x_wconf 77' lang='grc' dir='ltr'><em>δύο</em></span> <span class='ocrx_word' id='word_1_84' title='bbox 198 1327 328 1404; x_wconf 83' lang='grc' dir='ltr'><em>άετοάς)</em></span> <span class='ocrx_word' id='word_1_85' title='bbox 355 1329 448 1406; x_wconf 89' lang='grc'><em>1046,</em></span> <span class='ocrx_word' id='word_1_86' title='bbox 467 1329 486 1390; x_wconf 92' lang='grc'><strong>2</strong></span> <span class='ocrx_word' id='word_1_87' title='bbox 511 1330 634 1415; x_wconf 79' lang='grc' dir='ltr'><em>(ὥσπερ</em></span> <span class='ocrx_word' id='word_1_88' title='bbox 659 1354 689 1392; x_wconf 90' lang='grc' dir='ltr'><em>τι</em></span> <span class='ocrx_word' id='word_1_89' title='bbox 704 1327 880 1418; x_wconf 88' lang='grc' dir='ltr'><em>μηχάνημα</em></span> <span class='ocrx_word' id='word_1_90' title='bbox 902 1339 966 1393; x_wconf 80' lang='grc' dir='ltr'><em>τῶν</em></span> <span class='ocrx_word' id='word_1_91' title='bbox 980 1328 1172 1412; x_wconf 81' lang='grc' dir='ltr'><em>βαρυτάτων</em></span> <span class='ocrx_word' id='word_1_92' title='bbox 1196 1326 1459 1415; x_wconf 73' lang='grc' dir='ltr'><em>ἀνατρέποντες).</em></span> 
     </span>
    </p>

    <p class='ocr_par' dir='ltr' id='par_1_4' title="bbox 123 1431 1461 3651">
     <span class='ocr_line' id='line_1_11' title="bbox 229 1431 1459 1518; baseline 0 -21"><span class='ocrx_word' id='word_1_93' title='bbox 229 1431 361 1498; x_wconf 85' lang='lat' dir='ltr'>Omnino</span> <span class='ocrx_word' id='word_1_94' title='bbox 377 1433 412 1496; x_wconf 86' lang='grc' dir='ltr'><em>Α.</em></span> <span class='ocrx_word' id='word_1_95' title='bbox 431 1435 518 1498; x_wconf 88' lang='lat' dir='ltr'>valde</span> <span class='ocrx_word' id='word_1_96' title='bbox 542 1435 628 1499; x_wconf 87' lang='lat' dir='ltr'>amat</span> <span class='ocrx_word' id='word_1_97' title='bbox 652 1433 829 1518; x_wconf 83' lang='lat' dir='ltr'>genetivum</span> <span class='ocrx_word' id='word_1_98' title='bbox 844 1433 1040 1517; x_wconf 89' lang='lat' dir='ltr'>partitivum;</span> <span class='ocrx_word' id='word_1_99' title='bbox 1057 1434 1136 1516; x_wconf 89' lang='lat' dir='ltr'>qnod</span> <span class='ocrx_word' id='word_1_100' title='bbox 1156 1433 1318 1518; x_wconf 83' lang='lat' dir='ltr'>respiciens</span> <span class='ocrx_word' id='word_1_101' title='bbox 1335 1434 1459 1498; x_wconf 90' lang='lat' dir='ltr'>mutan-</span> 
     </span>
     <span class='ocr_line' id='line_1_12' title="bbox 124 1535 1458 1627; baseline 0.001 -25"><span class='ocrx_word' id='word_1_102' title='bbox 124 1538 177 1604; x_wconf 93' lang='lat' dir='ltr'><em>dos</em></span> <span class='ocrx_word' id='word_1_103' title='bbox 200 1558 265 1604; x_wconf 88' lang='lat' dir='ltr'>esse</span> <span class='ocrx_word' id='word_1_104' title='bbox 289 1541 475 1622; x_wconf 83' lang='lat' dir='ltr'>negaverim,</span> <span class='ocrx_word' id='word_1_105' title='bbox 500 1540 581 1606; x_wconf 90' lang='lat' dir='ltr'>locos</span> <span class='ocrx_word' id='word_1_106' title='bbox 607 1541 680 1619; x_wconf 76' lang='lat'>735,</span> <span class='ocrx_word' id='word_1_107' title='bbox 699 1541 739 1606; x_wconf 84' lang='lat'><em>15</em></span> <span class='ocrx_word' id='word_1_108' title='bbox 764 1540 846 1624; x_wconf 77' lang='lat' dir='ltr'>(Nic.</span> <span class='ocrx_word' id='word_1_109' title='bbox 863 1541 894 1606; x_wconf 94' lang='lat' dir='ltr'><em>in</em></span> <span class='ocrx_word' id='word_1_110' title='bbox 910 1535 956 1608; x_wconf 79' lang='grc' dir='ltr'><em>ών</em></span> <span class='ocrx_word' id='word_1_111' title='bbox 972 1541 1034 1627; x_wconf 76' lang='grc' dir='ltr'><em>οὐχ</em></span> <span class='ocrx_word' id='word_1_112' title='bbox 1050 1540 1187 1626; x_wconf 78' lang='grc' dir='ltr'><em>ἅπασιν)</em></span> <span class='ocrx_word' id='word_1_113' title='bbox 1209 1540 1285 1619; x_wconf 86' lang='grc'><em>406,</em></span> <span class='ocrx_word' id='word_1_114' title='bbox 1302 1541 1340 1604; x_wconf 88' lang='grc'><em>21</em></span> <span class='ocrx_word' id='word_1_115' title='bbox 1369 1539 1433 1621; x_wconf 84' lang='lat' dir='ltr'><em>(Ml</em></span> <span class='ocrx_word' id='word_1_116' title='bbox 1452 1591 1458 1604; x_wconf 93' lang='lat'><strong>.</strong></span> 
     </span>
     <span class='ocr_line' id='line_1_13' title="bbox 124 1645 1461 1738; baseline 0.003 -30"><span class='ocrx_word' id='word_1_117' title='bbox 124 1645 155 1709; x_wconf 88' lang='lat' dir='ltr'><em>in</em></span> <span class='ocrx_word' id='word_1_118' title='bbox 172 1647 303 1724; x_wconf 71' lang='grc' dir='ltr'><em>οιῗδενδς</em></span> <span class='ocrx_word' id='word_1_119' title='bbox 327 1646 396 1712; x_wconf 74' lang='grc' dir='ltr'><em>οὐδ’</em></span> <span class='ocrx_word' id='word_1_120' title='bbox 410 1651 542 1724; x_wconf 80' lang='grc' dir='ltr'><em>ἐκείνοις</em></span> <span class='ocrx_word' id='word_1_121' title='bbox 563 1650 692 1714; x_wconf 80' lang='grc' dir='ltr'><em>ἱππέων</em></span> <span class='ocrx_word' id='word_1_122' title='bbox 707 1650 832 1738; x_wconf 79' lang='grc' dir='ltr'><em>ἢψιλοῦ</em></span> <span class='ocrx_word' id='word_1_123' title='bbox 849 1649 1033 1737; x_wconf 88' lang='grc' dir='ltr'><em>παρόντος),</em></span> <span class='ocrx_word' id='word_1_124' title='bbox 1050 1648 1125 1726; x_wconf 88' lang='grc'><em>479,</em></span> <span class='ocrx_word' id='word_1_125' title='bbox 1145 1647 1184 1711; x_wconf 88' lang='grc'><em>13</em></span> <span class='ocrx_word' id='word_1_126' title='bbox 1202 1646 1273 1729; x_wconf 82' lang='grc' dir='ltr'><em>(καί</em></span> <span class='ocrx_word' id='word_1_127' title='bbox 1287 1651 1461 1736; x_wconf 80' lang='grc' dir='ltr'><em>στρατηγοὶ</em></span> 
     </span>
     <span class='ocr_line' id='line_1_14' title="bbox 124 1748 1459 1844; baseline -0.001 -26"><span class='ocrx_word' id='word_1_128' title='bbox 124 1754 234 1819; x_wconf 71' lang='lat' dir='ltr'>ariscio</span> <span class='ocrx_word' id='word_1_129' title='bbox 261 1748 344 1844; x_wconf 77' lang='grc' dir='ltr'><em>ἦσαν</em></span> <span class='ocrx_word' id='word_1_130' title='bbox 371 1754 432 1838; x_wconf 81' lang='grc' dir='ltr'><em>μέν</em></span> <span class='ocrx_word' id='word_1_131' title='bbox 460 1759 515 1821; x_wconf 84' lang='grc' dir='ltr'><em>καὶ</em></span> <span class='ocrx_word' id='word_1_132' title='bbox 542 1756 625 1820; x_wconf 85' lang='grc' dir='ltr'><em>κατά</em></span> <span class='ocrx_word' id='word_1_133' title='bbox 657 1763 754 1840; x_wconf 89' lang='grc' dir='ltr'><em>μέρος</em></span> <span class='ocrx_word' id='word_1_134' title='bbox 782 1754 922 1841; x_wconf 75' lang='grc' dir='ltr'><em>ἑκάστην,</em></span> <span class='ocrx_word' id='word_1_135' title='bbox 953 1754 1026 1819; x_wconf 85' lang='lat' dir='ltr'>Mfc.</span> <span class='ocrx_word' id='word_1_136' title='bbox 1052 1754 1165 1831; x_wconf 72' lang='grc' dir='ltr'><em>αὐτοῖς</em></span> <span class='ocrx_word' id='word_1_137' title='bbox 1188 1755 1219 1818; x_wconf 80' lang='lat' dir='ltr'><em>et</em></span> <span class='ocrx_word' id='word_1_138' title='bbox 1242 1750 1361 1842; x_wconf 83' lang='grc' dir='ltr'><em>έτεροι,</em></span> <span class='ocrx_word' id='word_1_139' title='bbox 1385 1772 1459 1817; x_wconf 87' lang='lat' dir='ltr'>nam</span> 
     </span>
     <span class='ocr_line' id='line_1_15' title="bbox 124 1858 1458 1948; baseline -0.001 -26"><span class='ocrx_word' id='word_1_140' title='bbox 124 1859 233 1926; x_wconf 75' lang='grc' dir='ltr'><em>αὐτῶν</em></span> <span class='ocrx_word' id='word_1_141' title='bbox 255 1862 405 1942; x_wconf 88' lang='lat' dir='ltr'>dependet</span> <span class='ocrx_word' id='word_1_142' title='bbox 427 1863 465 1926; x_wconf 89' lang='lat' dir='ltr'><em>ab</em></span> <span class='ocrx_word' id='word_1_143' title='bbox 490 1860 627 1948; x_wconf 77' lang='grc' dir='ltr'><em>ἑκάστῳ,</em></span> <span class='ocrx_word' id='word_1_144' title='bbox 651 1861 688 1928; x_wconf 80' lang='lat' dir='ltr'><em>cf.</em></span> <span class='ocrx_word' id='word_1_145' title='bbox 713 1861 789 1928; x_wconf 72' lang='grc' dir='ltr'><em>Κτ.2</em></span> <span class='ocrx_word' id='word_1_146' title='bbox 812 1861 837 1926; x_wconf 92' lang='lat' dir='ltr'><em>I.</em></span> <span class='ocrx_word' id='word_1_147' title='bbox 863 1862 915 1937; x_wconf 84' lang='lat'><em>33,</em></span> <span class='ocrx_word' id='word_1_148' title='bbox 941 1860 958 1923; x_wconf 95' lang='grc'><em>1</em></span> <span class='ocrx_word' id='word_1_149' title='bbox 983 1862 1015 1925; x_wconf 91' lang='lat' dir='ltr'><em>et</em></span> <span class='ocrx_word' id='word_1_150' title='bbox 1038 1859 1123 1925; x_wconf 90' lang='lat' dir='ltr'>Stich</span> <span class='ocrx_word' id='word_1_151' title='bbox 1146 1881 1175 1942; x_wconf 94' lang='lat' dir='ltr'><em>p.</em></span> <span class='ocrx_word' id='word_1_152' title='bbox 1203 1858 1279 1943; x_wconf 79' lang='grc'><em>154)</em></span> <span class='ocrx_word' id='word_1_153' title='bbox 1309 1860 1388 1937; x_wconf 88' lang='grc'><em>169,</em></span> <span class='ocrx_word' id='word_1_154' title='bbox 1417 1858 1458 1922; x_wconf 88' lang='grc'><em>14</em></span> 
     </span>
     <span class='ocr_line' id='line_1_16' title="bbox 125 1964 1458 2053; baseline -0.001 -22"><span class='ocrx_word' id='word_1_155' title='bbox 125 1964 169 2047; x_wconf 83' lang='grc' dir='ltr'><em>(οἱ</em></span> <span class='ocrx_word' id='word_1_156' title='bbox 185 1967 247 2032; x_wconf 76' lang='grc' dir='ltr'><em>σίν</em></span> <span class='ocrx_word' id='word_1_157' title='bbox 262 1967 351 2053; x_wconf 73' lang='grc' dir='ltr'><em>αὐτῷ</em></span> <span class='ocrx_word' id='word_1_158' title='bbox 367 1968 426 2034; x_wconf 72' lang='grc' dir='ltr'><em>δύο</em></span> <span class='ocrx_word' id='word_1_159' title='bbox 444 1977 517 2033; x_wconf 82' lang='grc' dir='ltr'><em>τῶν</em></span> <span class='ocrx_word' id='word_1_160' title='bbox 532 1967 794 2051; x_wconf 75' lang='grc' dir='ltr'><em>αἰχμαλώτων,</em></span> <span class='ocrx_word' id='word_1_161' title='bbox 814 1966 903 2044; x_wconf 85' lang='lat' dir='ltr'>Mfo.)</span> <span class='ocrx_word' id='word_1_162' title='bbox 929 1967 1002 2042; x_wconf 85' lang='lat'><strong>607,</strong></span> <span class='ocrx_word' id='word_1_163' title='bbox 1022 1968 1061 2030; x_wconf 88' lang='lat'><em>18</em></span> <span class='ocrx_word' id='word_1_164' title='bbox 1086 1966 1222 2040; x_wconf 83' lang='grc' dir='ltr'><em>(ἔκτεινε</em></span> <span class='ocrx_word' id='word_1_165' title='bbox 1240 1978 1298 2032; x_wconf 78' lang='grc' dir='ltr'><em>τοῦ</em></span> <span class='ocrx_word' id='word_1_166' title='bbox 1323 1974 1458 2032; x_wconf 87' lang='grc' dir='ltr'><em>Παπίου</em></span> 
     </span>
     <span class='ocr_line' id='line_1_17' title="bbox 124 2071 1457 2157; baseline -0.002 -19"><span class='ocrx_word' id='word_1_167' title='bbox 124 2080 203 2157; x_wconf 88' lang='grc' dir='ltr'><em>περί</em></span> <span class='ocrx_word' id='word_1_168' title='bbox 223 2074 471 2157; x_wconf 75' lang='grc' dir='ltr'><em>ἑξακισχιλίους,</em></span> <span class='ocrx_word' id='word_1_169' title='bbox 503 2084 565 2138; x_wconf 87' lang='grc' dir='ltr'><em>των</em></span> <span class='ocrx_word' id='word_1_170' title='bbox 594 2073 666 2136; x_wconf 72' lang='lat' dir='ltr'>ante</span> <span class='ocrx_word' id='word_1_171' title='bbox 696 2082 755 2138; x_wconf 78' lang='grc' dir='ltr'><em>τοῦ</em></span> <span class='ocrx_word' id='word_1_172' title='bbox 779 2071 982 2156; x_wconf 78' lang='lat' dir='ltr'>supplendum</span> <span class='ocrx_word' id='word_1_173' title='bbox 996 2073 1020 2155; x_wconf 91' lang='lat' dir='ltr'><em>l)</em></span> <span class='ocrx_word' id='word_1_174' title='bbox 1046 2071 1126 2150; x_wconf 85' lang='lat'>735,</span> <span class='ocrx_word' id='word_1_175' title='bbox 1150 2073 1193 2135; x_wconf 90' lang='grc'><em>20</em></span> <span class='ocrx_word' id='word_1_176' title='bbox 1222 2071 1348 2153; x_wconf 64' lang='lat' dir='ltr'>(Musca,</span> <span class='ocrx_word' id='word_1_177' title='bbox 1373 2071 1457 2146; x_wconf 67' lang='grc' dir='ltr'><em>Μία,</em></span> 
     </span>
     <span class='ocr_line' id='line_1_18' title="bbox 123 2177 1458 2263; baseline -0.001 -20"><span class='ocrx_word' id='word_1_178' title='bbox 123 2178 246 2244; x_wconf 78' lang='grc' dir='ltr'><em>τούτων</em></span> <span class='ocrx_word' id='word_1_179' title='bbox 269 2180 351 2243; x_wconf 90' lang='lat' dir='ltr'>enim</span> <span class='ocrx_word' id='word_1_180' title='bbox 374 2199 427 2261; x_wconf 94' lang='lat' dir='ltr'><em>pro</em></span> <span class='ocrx_word' id='word_1_181' title='bbox 450 2181 589 2263; x_wconf 86' lang='lat' dir='ltr'>genetivo</span> <span class='ocrx_word' id='word_1_182' title='bbox 612 2179 757 2261; x_wconf 83' lang='lat' dir='ltr'>partitive</span> <span class='ocrx_word' id='word_1_183' title='bbox 780 2179 931 2262; x_wconf 89' lang='lat' dir='ltr'>dependet</span> <span class='ocrx_word' id='word_1_184' title='bbox 958 2180 996 2243; x_wconf 88' lang='lat' dir='ltr'><em>ab</em></span> <span class='ocrx_word' id='word_1_185' title='bbox 1021 2179 1146 2256; x_wconf 79' lang='grc' dir='ltr'><em>ἑκατόν,</em></span> <span class='ocrx_word' id='word_1_186' title='bbox 1166 2181 1209 2246; x_wconf 88' lang='grc' dir='ltr'><em>Ῥ.</em></span> <span class='ocrx_word' id='word_1_187' title='bbox 1233 2178 1396 2262; x_wconf 78' lang='grc' dir='ltr'><em>ἐπιβατῶν</em></span> <span class='ocrx_word' id='word_1_188' title='bbox 1418 2177 1458 2242; x_wconf 89' lang='lat' dir='ltr'><em>ab</em></span> 
     </span>
     <span class='ocr_line' id='line_1_19' title="bbox 125 2283 1458 2368; baseline -0.002 -18"><span class='ocrx_word' id='word_1_189' title='bbox 125 2286 241 2350; x_wconf 79' lang='grc' dir='ltr'><em>ἑκατὸν</em></span> <span class='ocrx_word' id='word_1_190' title='bbox 265 2287 387 2352; x_wconf 74' lang='grc' dir='ltr'><em>τούτων</em></span> <span class='ocrx_word' id='word_1_191' title='bbox 410 2306 463 2368; x_wconf 87' lang='lat' dir='ltr'><em>pro</em></span> <span class='ocrx_word' id='word_1_192' title='bbox 493 2287 632 2368; x_wconf 84' lang='lat' dir='ltr'>genetivo</span> <span class='ocrx_word' id='word_1_193' title='bbox 662 2286 822 2368; x_wconf 83' lang='lat' dir='ltr'>qualitatis</span> <span class='ocrx_word' id='word_1_194' title='bbox 852 2287 900 2352; x_wconf 93' lang='lat' dir='ltr'>vel</span> <span class='ocrx_word' id='word_1_195' title='bbox 929 2285 1144 2368; x_wconf 84' lang='lat' dir='ltr'>continentiae)</span> <span class='ocrx_word' id='word_1_196' title='bbox 1168 2285 1285 2362; x_wconf 86' lang='grc'><em>672,4</em></span> <span class='ocrx_word' id='word_1_197' title='bbox 1310 2283 1397 2364; x_wconf 89' lang='lat' dir='ltr'>(Mfo.</span> <span class='ocrx_word' id='word_1_198' title='bbox 1425 2283 1458 2347; x_wconf 90' lang='lat' dir='ltr'><em>in</em></span> 
     </span>
     <span class='ocr_line' id='line_1_20' title="bbox 124 2391 1457 2482; baseline 0 -26"><span class='ocrx_word' id='word_1_199' title='bbox 124 2400 343 2476; x_wconf 89' lang='grc' dir='ltr'><em>παρέπεμπον</em></span> <span class='ocrx_word' id='word_1_200' title='bbox 359 2396 454 2477; x_wconf 84' lang='grc' dir='ltr'><em>ἱερεῖς</em></span> <span class='ocrx_word' id='word_1_201' title='bbox 472 2418 506 2460; x_wconf 84' lang='grc' dir='ltr'><em>τε</em></span> <span class='ocrx_word' id='word_1_202' title='bbox 522 2395 591 2477; x_wconf 80' lang='grc' dir='ltr'><em>ἅμα</em></span> <span class='ocrx_word' id='word_1_203' title='bbox 608 2393 727 2471; x_wconf 92' lang='grc' dir='ltr'><em>πάντες</em></span> <span class='ocrx_word' id='word_1_204' title='bbox 742 2398 797 2461; x_wconf 85' lang='grc' dir='ltr'><em>καὶ</em></span> <span class='ocrx_word' id='word_1_205' title='bbox 819 2396 943 2478; x_wconf 84' lang='grc' dir='ltr'><em>ἱέρειαι,</em></span> <span class='ocrx_word' id='word_1_206' title='bbox 967 2394 1050 2459; x_wconf 87' lang='grc' dir='ltr'><em>κατά</em></span> <span class='ocrx_word' id='word_1_207' title='bbox 1067 2403 1155 2482; x_wconf 81' lang='grc' dir='ltr'><em>σφᾶς</em></span> <span class='ocrx_word' id='word_1_208' title='bbox 1171 2392 1280 2458; x_wconf 74' lang='grc' dir='ltr'><em>αὐτῶν</em></span> <span class='ocrx_word' id='word_1_209' title='bbox 1296 2391 1457 2478; x_wconf 77' lang='grc' dir='ltr'><em>ἑκάτεροι)</em></span> 
     </span>
     <span class='ocr_line' id='line_1_21' title="bbox 126 2497 1459 2585; baseline 0.002 -25"><span class='ocrx_word' id='word_1_210' title='bbox 126 2497 199 2574; x_wconf 88' lang='grc'><em>150,</em></span> <span class='ocrx_word' id='word_1_211' title='bbox 218 2499 260 2561; x_wconf 92' lang='grc'><em>24</em></span> <span class='ocrx_word' id='word_1_212' title='bbox 276 2497 385 2579; x_wconf 84' lang='lat' dir='ltr'>(Schw.</span> <span class='ocrx_word' id='word_1_213' title='bbox 404 2500 438 2563; x_wconf 91' lang='lat' dir='ltr'><em>B.</em></span> <span class='ocrx_word' id='word_1_214' title='bbox 456 2499 545 2565; x_wconf 85' lang='lat' dir='ltr'>Mfm.</span> <span class='ocrx_word' id='word_1_215' title='bbox 568 2501 659 2585; x_wconf 79' lang='grc' dir='ltr'><em>παρὰ</em></span> <span class='ocrx_word' id='word_1_216' title='bbox 684 2511 751 2578; x_wconf 82' lang='grc' dir='ltr'><em>τοῖς</em></span> <span class='ocrx_word' id='word_1_217' title='bbox 774 2500 924 2566; x_wconf 78' lang='grc' dir='ltr'><em>ἐπέκεινα</em></span> <span class='ocrx_word' id='word_1_218' title='bbox 951 2502 1091 2582; x_wconf 79' lang='grc' dir='ltr'><em>Κελτῶν)</em></span> <span class='ocrx_word' id='word_1_219' title='bbox 1114 2500 1189 2578; x_wconf 90' lang='grc'><em>410,</em></span> <span class='ocrx_word' id='word_1_220' title='bbox 1213 2501 1233 2563; x_wconf 90' lang='grc'><strong>3</strong></span> <span class='ocrx_word' id='word_1_221' title='bbox 1257 2498 1459 2582; x_wconf 73' lang='grc' dir='ltr'><em>(ἀπέχεσθαι</em></span> 
     </span>
     <span class='ocr_line' id='line_1_22' title="bbox 126 2602 1457 2696; baseline -0.001 -28"><span class='ocrx_word' id='word_1_222' title='bbox 126 2614 177 2693; x_wconf 78' lang='grc' dir='ltr'><em>τῆς</em></span> <span class='ocrx_word' id='word_1_223' title='bbox 190 2604 350 2694; x_wconf 71' lang='grc' dir='ltr'><em>Εὐρώπης</em></span> <span class='ocrx_word' id='word_1_224' title='bbox 374 2608 448 2696; x_wconf 79' lang='grc' dir='ltr'><em>ὅλης</em></span> <span class='ocrx_word' id='word_1_225' title='bbox 473 2632 527 2671; x_wconf 86' lang='grc' dir='ltr'><em>και</em></span> <span class='ocrx_word' id='word_1_226' title='bbox 539 2607 641 2684; x_wconf 75' lang='grc' dir='ltr'><em>Ἀσίας·</em></span> <span class='ocrx_word' id='word_1_227' title='bbox 665 2617 738 2672; x_wconf 76' lang='grc' dir='ltr'><em>τῶν</em></span> <span class='ocrx_word' id='word_1_228' title='bbox 761 2609 815 2673; x_wconf 75' lang='grc' dir='ltr'><em>ἐπὶ</em></span> <span class='ocrx_word' id='word_1_229' title='bbox 839 2606 917 2673; x_wconf 91' lang='grc' dir='ltr'><em>τάδε</em></span> <span class='ocrx_word' id='word_1_230' title='bbox 941 2617 999 2673; x_wconf 83' lang='grc' dir='ltr'><em>τοῦ</em></span> <span class='ocrx_word' id='word_1_231' title='bbox 1024 2607 1166 2694; x_wconf 75' lang='grc' dir='ltr'><em>Ταύρου,</em></span> <span class='ocrx_word' id='word_1_232' title='bbox 1192 2605 1298 2687; x_wconf 59' lang='lat' dir='ltr'>Misi)</span> <span class='ocrx_word' id='word_1_233' title='bbox 1314 2604 1353 2669; x_wconf 88' lang='lat' dir='ltr'><em>cf.</em></span> <span class='ocrx_word' id='word_1_234' title='bbox 1371 2602 1457 2668; x_wconf 83' lang='lat' dir='ltr'>Stich</span> 
     </span>
     <span class='ocr_line' id='line_1_23' title="bbox 124 2708 1457 2798; baseline 0.001 -26"><span class='ocrx_word' id='word_1_235' title='bbox 124 2730 152 2791; x_wconf 85' lang='lat' dir='ltr'><em>p.</em></span> <span class='ocrx_word' id='word_1_236' title='bbox 175 2710 249 2792; x_wconf 87' lang='lat'>153)</span> <span class='ocrx_word' id='word_1_237' title='bbox 275 2710 369 2790; x_wconf 87' lang='grc'><em>1140,</em></span> <span class='ocrx_word' id='word_1_238' title='bbox 387 2713 428 2776; x_wconf 88' lang='grc'><em>22</em></span> <span class='ocrx_word' id='word_1_239' title='bbox 453 2711 539 2795; x_wconf 82' lang='lat' dir='ltr'>(Mle.</span> <span class='ocrx_word' id='word_1_240' title='bbox 555 2711 586 2776; x_wconf 81' lang='lat' dir='ltr'><em>in</em></span> <span class='ocrx_word' id='word_1_241' title='bbox 610 2715 837 2796; x_wconf 66' lang='lat' dir='ltr'>innovaturae</span> <span class='ocrx_word' id='word_1_242' title='bbox 857 2740 928 2779; x_wconf 90' lang='grc' dir='ltr'><em>τινα</em></span> <span class='ocrx_word' id='word_1_243' title='bbox 955 2723 1014 2779; x_wconf 83' lang='grc' dir='ltr'><em>των</em></span> <span class='ocrx_word' id='word_1_244' title='bbox 1031 2713 1205 2798; x_wconf 78' lang='grc' dir='ltr'><em>Καίσαρος)</em></span> <span class='ocrx_word' id='word_1_245' title='bbox 1230 2712 1305 2787; x_wconf 87' lang='grc'><em>807,</em></span> <span class='ocrx_word' id='word_1_246' title='bbox 1322 2710 1363 2773; x_wconf 85' lang='grc'><em>25</em></span> <span class='ocrx_word' id='word_1_247' title='bbox 1386 2708 1457 2792; x_wconf 87' lang='lat' dir='ltr'><strong>(Mf.</strong></span> 
     </span>
     <span class='ocr_line' id='line_1_24' title="bbox 124 2816 1458 2908; baseline 0 -30"><span class='ocrx_word' id='word_1_248' title='bbox 124 2817 379 2900; x_wconf 82' lang='lat' dir='ltr'>interpunctionis</span> <span class='ocrx_word' id='word_1_249' title='bbox 403 2820 524 2904; x_wconf 85' lang='lat' dir='ltr'>signum</span> <span class='ocrx_word' id='word_1_250' title='bbox 549 2819 636 2901; x_wconf 93' lang='lat' dir='ltr'>ponit</span> <span class='ocrx_word' id='word_1_251' title='bbox 658 2820 729 2902; x_wconf 88' lang='lat' dir='ltr'>post</span> <span class='ocrx_word' id='word_1_252' title='bbox 753 2824 974 2908; x_wconf 73' lang='grc' dir='ltr'><em>δινηθέντωνς</em></span> <span class='ocrx_word' id='word_1_253' title='bbox 1003 2830 1066 2887; x_wconf 78' lang='grc' dir='ltr'><em>τῶν</em></span> <span class='ocrx_word' id='word_1_254' title='bbox 1089 2819 1256 2904; x_wconf 72' lang='grc' dir='ltr'><em>εοῒετίτε</em></span> <span class='ocrx_word' id='word_1_255' title='bbox 1280 2837 1316 2881; x_wconf 92' lang='lat' dir='ltr'><em>ne</em></span> <span class='ocrx_word' id='word_1_256' title='bbox 1339 2816 1458 2880; x_wconf 87' lang='lat' dir='ltr'>deside-</span> 
     </span>
     <span class='ocr_line' id='line_1_25' title="bbox 124 2924 1459 3013; baseline 0.002 -27"><span class='ocrx_word' id='word_1_257' title='bbox 124 2925 274 3007; x_wconf 74' lang='lat' dir='ltr'>raveris¹l</span> <span class='ocrx_word' id='word_1_258' title='bbox 308 2926 381 3002; x_wconf 86' lang='grc'><em>847,</em></span> <span class='ocrx_word' id='word_1_259' title='bbox 401 2926 439 2988; x_wconf 93' lang='grc'><em>11</em></span> <span class='ocrx_word' id='word_1_260' title='bbox 467 2926 550 3010; x_wconf 84' lang='grc' dir='ltr'><em>(δέος</em></span> <span class='ocrx_word' id='word_1_261' title='bbox 579 2927 682 2992; x_wconf 72' lang='grc' dir='ltr'><em>αὐτὸν</em></span> <span class='ocrx_word' id='word_1_262' title='bbox 710 2927 822 3012; x_wconf 84' lang='grc' dir='ltr'><em>έπείχε</em></span> <span class='ocrx_word' id='word_1_263' title='bbox 849 2930 905 2993; x_wconf 85' lang='grc' dir='ltr'><em>καί</em></span> <span class='ocrx_word' id='word_1_264' title='bbox 932 2929 1061 3012; x_wconf 80' lang='grc' dir='ltr'><em>ἄγνοια,</em></span> <span class='ocrx_word' id='word_1_265' title='bbox 1089 2928 1156 2993; x_wconf 86' lang='grc' dir='ltr'><em>εἴτε</em></span> <span class='ocrx_word' id='word_1_266' title='bbox 1183 2924 1292 2990; x_wconf 87' lang='grc' dir='ltr'><em>κοινδν</em></span> <span class='ocrx_word' id='word_1_267' title='bbox 1315 2925 1366 3012; x_wconf 84' lang='grc' dir='ltr'><em>εἴη</em></span> <span class='ocrx_word' id='word_1_268' title='bbox 1403 2933 1459 3013; x_wconf 78' lang='grc' dir='ltr'><em>τῆς</em></span> 
     </span>
     <span class='ocr_line' id='line_1_26' title="bbox 123 3033 1458 3121; baseline 0 -26"><span class='ocrx_word' id='word_1_269' title='bbox 123 3033 243 3118; x_wconf 81' lang='grc' dir='ltr'><em>βουλῆς</em></span> <span class='ocrx_word' id='word_1_270' title='bbox 267 3034 303 3098; x_wconf 85' lang='grc' dir='ltr'><em>τδ</em></span> <span class='ocrx_word' id='word_1_271' title='bbox 328 3033 420 3118; x_wconf 77' lang='grc' dir='ltr'><em>ἔργον</em></span> <span class='ocrx_word' id='word_1_272' title='bbox 443 3036 510 3101; x_wconf 86' lang='grc' dir='ltr'><em>εἴτε</em></span> <span class='ocrx_word' id='word_1_273' title='bbox 533 3039 588 3101; x_wconf 83' lang='grc' dir='ltr'><em>καὶ</em></span> <span class='ocrx_word' id='word_1_274' title='bbox 614 3044 674 3100; x_wconf 81' lang='grc' dir='ltr'><em>τῶν</em></span> <span class='ocrx_word' id='word_1_275' title='bbox 697 3035 924 3120; x_wconf 77' lang='grc' dir='ltr'><em>ἐργασαμένων</em></span> <span class='ocrx_word' id='word_1_276' title='bbox 945 3036 1028 3100; x_wconf 81' lang='grc' dir='ltr'><em>ἴδιον</em></span> <span class='ocrx_word' id='word_1_277' title='bbox 1054 3033 1163 3100; x_wconf 82' lang='grc' dir='ltr'><em>καὶεί</em></span> <span class='ocrx_word' id='word_1_278' title='bbox 1188 3037 1278 3121; x_wconf 92' lang='grc' dir='ltr'><em>δίκην</em></span> <span class='ocrx_word' id='word_1_279' title='bbox 1305 3033 1366 3121; x_wconf 79' lang='grc' dir='ltr'><em>ἤδη</em></span> <span class='ocrx_word' id='word_1_280' title='bbox 1391 3041 1458 3106; x_wconf 81' lang='grc' dir='ltr'><em>τοῖς</em></span> 
     </span>
     <span class='ocr_line' id='line_1_27' title="bbox 125 3137 1456 3232; baseline -0.002 -28"><span class='ocrx_word' id='word_1_281' title='bbox 125 3141 252 3206; x_wconf 88' lang='grc' dir='ltr'><em>πλείοσι</em></span> <span class='ocrx_word' id='word_1_282' title='bbox 275 3140 456 3217; x_wconf 85' lang='grc' dir='ltr'><em>δεδώκοιεν,</em></span> <span class='ocrx_word' id='word_1_283' title='bbox 481 3144 500 3232; x_wconf 78' lang='grc' dir='ltr'><strong><em>ἢ</em></strong></span> <span class='ocrx_word' id='word_1_284' title='bbox 525 3168 579 3206; x_wconf 93' lang='grc' dir='ltr'><em>και</em></span> <span class='ocrx_word' id='word_1_285' title='bbox 606 3146 699 3206; x_wconf 77' lang='grc' dir='ltr'><em>τοῦδε</em></span> <span class='ocrx_word' id='word_1_286' title='bbox 722 3137 803 3217; x_wconf 83' lang='grc' dir='ltr'><em>εἷεν,</em></span> <span class='ocrx_word' id='word_1_287' title='bbox 827 3144 848 3230; x_wconf 80' lang='grc' dir='ltr'><em>ν)</em></span> <span class='ocrx_word' id='word_1_288' title='bbox 872 3142 930 3206; x_wconf 86' lang='grc' dir='ltr'><em>καί</em></span> <span class='ocrx_word' id='word_1_289' title='bbox 944 3141 980 3206; x_wconf 90' lang='grc' dir='ltr'><em>τδ</em></span> <span class='ocrx_word' id='word_1_290' title='bbox 998 3144 1128 3228; x_wconf 74' lang='grc' dir='ltr'><em>πλῆθος</em></span> <span class='ocrx_word' id='word_1_291' title='bbox 1144 3141 1257 3216; x_wconf 73' lang='grc' dir='ltr'><em>αὐτοῖς</em></span> <span class='ocrx_word' id='word_1_292' title='bbox 1277 3139 1456 3226; x_wconf 72' lang='grc' dir='ltr'><em>συνήδοιτο.</em></span> 
     </span>
     <span class='ocr_line' id='line_1_28' title="bbox 126 3244 1458 3337; baseline -0.001 -29"><span class='ocrx_word' id='word_1_293' title='bbox 126 3246 189 3310; x_wconf 84' lang='lat' dir='ltr'><em>ch.</em></span> <span class='ocrx_word' id='word_1_294' title='bbox 215 3250 235 3335; x_wconf 77' lang='grc' dir='ltr'><em>ἢ</em></span> <span class='ocrx_word' id='word_1_295' title='bbox 258 3251 312 3314; x_wconf 81' lang='grc' dir='ltr'><em>καὶ</em></span> <span class='ocrx_word' id='word_1_296' title='bbox 336 3247 477 3328; x_wconf 90' lang='grc' dir='ltr'><em>δώσοιεν,</em></span> <span class='ocrx_word' id='word_1_297' title='bbox 500 3249 595 3314; x_wconf 83' lang='lat' dir='ltr'>Mufe.</span> <span class='ocrx_word' id='word_1_298' title='bbox 621 3251 641 3337; x_wconf 81' lang='grc' dir='ltr'><em>ἢ</em></span> <span class='ocrx_word' id='word_1_299' title='bbox 665 3248 720 3314; x_wconf 79' lang='grc' dir='ltr'><em>ε’πί</em></span> <span class='ocrx_word' id='word_1_300' title='bbox 744 3252 840 3315; x_wconf 79' lang='grc' dir='ltr'><em>τοῦδε</em></span> <span class='ocrx_word' id='word_1_301' title='bbox 856 3244 931 3324; x_wconf 82' lang='grc' dir='ltr'><em>εἶεν,</em></span> <span class='ocrx_word' id='word_1_302' title='bbox 955 3247 1080 3313; x_wconf 79' lang='lat' dir='ltr'>Schwfc.</span> <span class='ocrx_word' id='word_1_303' title='bbox 1105 3249 1196 3337; x_wconf 81' lang='grc' dir='ltr'><em>ἢκαὶ</em></span> <span class='ocrx_word' id='word_1_304' title='bbox 1216 3249 1312 3312; x_wconf 79' lang='grc' dir='ltr'><em>τοῦδε</em></span> <span class='ocrx_word' id='word_1_305' title='bbox 1334 3247 1369 3310; x_wconf 77' lang='grc' dir='ltr'><em>ἐν</em></span> <span class='ocrx_word' id='word_1_306' title='bbox 1391 3247 1458 3309; x_wconf 90' lang='grc' dir='ltr'><em>δέει</em></span> 
     </span>
     <span class='ocr_line' id='line_1_29' title="bbox 126 3349 1455 3442; baseline -0.004 -22"><span class='ocrx_word' id='word_1_307' title='bbox 126 3351 202 3430; x_wconf 80' lang='grc' dir='ltr'><em>εἶεν,</em></span> <span class='ocrx_word' id='word_1_308' title='bbox 225 3355 309 3431; x_wconf 83' lang='lat' dir='ltr'>Mis,</span> <span class='ocrx_word' id='word_1_309' title='bbox 334 3354 475 3436; x_wconf 88' lang='lat' dir='ltr'>equidem</span> <span class='ocrx_word' id='word_1_310' title='bbox 491 3357 583 3421; x_wconf 89' lang='lat' dir='ltr'>verba</span> <span class='ocrx_word' id='word_1_311' title='bbox 605 3359 626 3442; x_wconf 80' lang='grc' dir='ltr'><em>ἢ</em></span> <span class='ocrx_word' id='word_1_312' title='bbox 649 3359 704 3420; x_wconf 81' lang='grc' dir='ltr'><em>καὶ</em></span> <span class='ocrx_word' id='word_1_313' title='bbox 727 3359 824 3421; x_wconf 82' lang='grc' dir='ltr'><em>τοῦδε</em></span> <span class='ocrx_word' id='word_1_314' title='bbox 848 3351 916 3421; x_wconf 81' lang='grc' dir='ltr'><em>εἶεν</em></span> <span class='ocrx_word' id='word_1_315' title='bbox 938 3357 1007 3437; x_wconf 90' lang='lat' dir='ltr'>post</span> <span class='ocrx_word' id='word_1_316' title='bbox 1029 3353 1199 3442; x_wconf 78' lang='grc' dir='ltr'><em>συνήδοιτο</em></span> <span class='ocrx_word' id='word_1_317' title='bbox 1222 3349 1455 3431; x_wconf 86' lang='lat' dir='ltr'>collocaverim).</span> 
     </span>
     <span class='ocr_line' id='line_1_30' title="bbox 124 3457 1457 3547; baseline -0.003 -22"><span class='ocrx_word' id='word_1_318' title='bbox 124 3462 184 3526; x_wconf 91' lang='lat' dir='ltr'><em>Pro</em></span> <span class='ocrx_word' id='word_1_319' title='bbox 208 3461 343 3527; x_wconf 86' lang='lat' dir='ltr'>subiecto</span> <span class='ocrx_word' id='word_1_320' title='bbox 370 3463 504 3544; x_wconf 88' lang='lat' dir='ltr'>positum</span> <span class='ocrx_word' id='word_1_321' title='bbox 531 3463 664 3546; x_wconf 85' lang='lat' dir='ltr'>legimus</span> <span class='ocrx_word' id='word_1_322' title='bbox 691 3462 867 3547; x_wconf 85' lang='lat' dir='ltr'>genetivum</span> <span class='ocrx_word' id='word_1_323' title='bbox 895 3461 1074 3544; x_wconf 88' lang='lat' dir='ltr'>partitivum</span> <span class='ocrx_word' id='word_1_324' title='bbox 1099 3459 1177 3538; x_wconf 88' lang='grc'><em>421,</em></span> <span class='ocrx_word' id='word_1_325' title='bbox 1196 3458 1231 3536; x_wconf 83' lang='grc'><em>4,</em></span> <span class='ocrx_word' id='word_1_326' title='bbox 1260 3478 1313 3541; x_wconf 91' lang='lat' dir='ltr'><em>pro</em></span> <span class='ocrx_word' id='word_1_327' title='bbox 1339 3457 1457 3524; x_wconf 88' lang='lat' dir='ltr'>obiecto</span> 
     </span>
     <span class='ocr_line' id='line_1_31' title="bbox 127 3568 374 3651; baseline 0.012 -21"><span class='ocrx_word' id='word_1_328' title='bbox 127 3568 234 3646; x_wconf 86' lang='grc'><em>524,1</em></span> <span class='ocrx_word' id='word_1_329' title='bbox 262 3568 374 3651; x_wconf 79' lang='lat' dir='ltr'>(Mle).</span> 
     </span>
    </p>

    <p class='ocr_par' dir='ltr' id='par_1_5' title="bbox 126 3669 1457 4295">
     <span class='ocr_line' id='line_1_32' title="bbox 232 3669 1455 3762; baseline -0.003 -24"><span class='ocrx_word' id='word_1_330' title='bbox 232 3676 268 3738; x_wconf 91' lang='lat' dir='ltr'>ln</span> <span class='ocrx_word' id='word_1_331' title='bbox 291 3675 430 3760; x_wconf 82' lang='lat' dir='ltr'>genetivo</span> <span class='ocrx_word' id='word_1_332' title='bbox 453 3676 658 3757; x_wconf 87' lang='lat' dir='ltr'>possessivo</span> <span class='ocrx_word' id='word_1_333' title='bbox 674 3676 748 3741; x_wconf 87' lang='lat' dir='ltr'>Mfo.</span> <span class='ocrx_word' id='word_1_334' title='bbox 769 3675 863 3751; x_wconf 79' lang='lat'>1058,</span> <span class='ocrx_word' id='word_1_335' title='bbox 883 3675 924 3737; x_wconf 81' lang='lat'><em>25</em></span> <span class='ocrx_word' id='word_1_336' title='bbox 950 3672 1229 3762; x_wconf 70' lang='grc' dir='ltr'><em>(ἀντιληψόμενος</em></span> <span class='ocrx_word' id='word_1_337' title='bbox 1252 3670 1368 3737; x_wconf 75' lang='grc' dir='ltr'><em>ἐκτῶν</em></span> <span class='ocrx_word' id='word_1_338' title='bbox 1388 3669 1455 3735; x_wconf 76' lang='grc' dir='ltr'><em>ὑπὸ</em></span> 
     </span>
     <span class='ocr_line' id='line_1_33' title="bbox 127 3777 1453 3870; baseline -0.006 -22"><span class='ocrx_word' id='word_1_339' title='bbox 127 3784 261 3870; x_wconf 65' lang='grc' dir='ltr'><em>Καληνῷ</em></span> <span class='ocrx_word' id='word_1_340' title='bbox 280 3793 337 3847; x_wconf 76' lang='grc' dir='ltr'><em>τοῦ</em></span> <span class='ocrx_word' id='word_1_341' title='bbox 349 3783 513 3850; x_wconf 81' lang='grc' dir='ltr'><em>Ἀντωνίον</em></span> <span class='ocrx_word' id='word_1_342' title='bbox 530 3783 615 3848; x_wconf 81' lang='grc' dir='ltr'><em>κατά</em></span> <span class='ocrx_word' id='word_1_343' title='bbox 631 3784 691 3870; x_wconf 77' lang='grc' dir='ltr'><em>τὴν</em></span> <span class='ocrx_word' id='word_1_344' title='bbox 709 3783 847 3848; x_wconf 86' lang='grc' dir='ltr'><em>Ἰταλίαν</em></span> <span class='ocrx_word' id='word_1_345' title='bbox 862 3784 1159 3865; x_wconf 74' lang='grc' dir='ltr'><em>ὑπολελειμμένων,</em></span> <span class='ocrx_word' id='word_1_346' title='bbox 1183 3780 1220 3844; x_wconf 82' lang='lat' dir='ltr'><em>cf.</em></span> <span class='ocrx_word' id='word_1_347' title='bbox 1238 3778 1313 3843; x_wconf 48' lang='grc' dir='ltr'><em>Καί</em></span> <span class='ocrx_word' id='word_1_348' title='bbox 1329 3778 1351 3841; x_wconf 95' lang='grc' dir='ltr'><em>Ι.</em></span> <span class='ocrx_word' id='word_1_349' title='bbox 1372 3777 1453 3853; x_wconf 89' lang='grc'><em>33,1</em></span> 
     </span>
     <span class='ocr_line' id='line_1_34' title="bbox 126 3885 1457 3973; baseline -0.002 -21"><span class='ocrx_word' id='word_1_350' title='bbox 126 3890 157 3952; x_wconf 91' lang='lat' dir='ltr'><em>et</em></span> <span class='ocrx_word' id='word_1_351' title='bbox 172 3887 257 3961; x_wconf 83' lang='lat' dir='ltr'>Stich</span> <span class='ocrx_word' id='word_1_352' title='bbox 272 3907 300 3969; x_wconf 88' lang='lat' dir='ltr'><em>p.</em></span> <span class='ocrx_word' id='word_1_353' title='bbox 322 3888 398 3971; x_wconf 80' lang='grc'><em>154)</em></span> <span class='ocrx_word' id='word_1_354' title='bbox 415 3891 445 3952; x_wconf 95' lang='lat' dir='ltr'><em>in</em></span> <span class='ocrx_word' id='word_1_355' title='bbox 461 3889 601 3973; x_wconf 86' lang='lat' dir='ltr'>genetivo</span> <span class='ocrx_word' id='word_1_356' title='bbox 624 3907 758 3953; x_wconf 87' lang='lat' dir='ltr'>causae</span> <span class='ocrx_word' id='word_1_357' title='bbox 780 3887 899 3954; x_wconf 80' lang='lat' dir='ltr'><em>Schvv.3</em></span> <span class='ocrx_word' id='word_1_358' title='bbox 915 3887 954 3954; x_wconf 85' lang='lat' dir='ltr'>io.</span> <span class='ocrx_word' id='word_1_359' title='bbox 980 3888 1054 3967; x_wconf 88' lang='grc'><em>696,</em></span> <span class='ocrx_word' id='word_1_360' title='bbox 1074 3887 1124 3951; x_wconf 93' lang='grc'><em>11.</em></span> <span class='ocrx_word' id='word_1_361' title='bbox 1150 3885 1328 3970; x_wconf 76' lang='grc' dir='ltr'><em>(ἔμμισθον</em></span> <span class='ocrx_word' id='word_1_362' title='bbox 1351 3887 1457 3970; x_wconf 71' lang='grc' dir='ltr'><em>ἑαυτῷ</em></span> 
     </span>
     <span class='ocr_line' id='line_1_35' title="bbox 126 3992 1454 4086; baseline -0.002 -27"><span class='ocrx_word' id='word_1_363' title='bbox 126 4000 221 4082; x_wconf 81' lang='grc' dir='ltr'><em>τῆσδε</em></span> <span class='ocrx_word' id='word_1_364' title='bbox 245 4004 300 4083; x_wconf 75' lang='grc' dir='ltr'><em>τῆς</em></span> <span class='ocrx_word' id='word_1_365' title='bbox 324 3995 452 4079; x_wconf 82' lang='grc' dir='ltr'><em>χάριτος</em></span> <span class='ocrx_word' id='word_1_366' title='bbox 480 4014 533 4077; x_wconf 91' lang='lat' dir='ltr'><em>pro</em></span> <span class='ocrx_word' id='word_1_367' title='bbox 561 3997 614 4061; x_wconf 79' lang='grc' dir='ltr'><em>διδ</em></span> <span class='ocrx_word' id='word_1_368' title='bbox 641 4002 737 4086; x_wconf 79' lang='grc' dir='ltr'><em>τῆσδε</em></span> <span class='ocrx_word' id='word_1_369' title='bbox 760 4023 787 4061; x_wconf 91' lang='grc' dir='ltr'><em>τ.</em></span> <span class='ocrx_word' id='word_1_370' title='bbox 812 4025 851 4080; x_wconf 84' lang='grc' dir='ltr'><em>χ,</em></span> <span class='ocrx_word' id='word_1_371' title='bbox 875 3994 914 4061; x_wconf 87' lang='lat' dir='ltr'><em>cf.</em></span> <span class='ocrx_word' id='word_1_372' title='bbox 943 4014 1013 4060; x_wconf 91' lang='lat' dir='ltr'><em>cum</em></span> <span class='ocrx_word' id='word_1_373' title='bbox 1042 3993 1117 4058; x_wconf 90' lang='lat' dir='ltr'>alios</span> <span class='ocrx_word' id='word_1_374' title='bbox 1145 3992 1224 4058; x_wconf 89' lang='lat' dir='ltr'>locos</span> <span class='ocrx_word' id='word_1_375' title='bbox 1252 3992 1320 4054; x_wconf 86' lang='lat' dir='ltr'>turn</span> <span class='ocrx_word' id='word_1_376' title='bbox 1349 3992 1407 4069; x_wconf 84' lang='grc'><em>29,</em></span> <span class='ocrx_word' id='word_1_377' title='bbox 1436 3993 1454 4049; x_wconf 89' lang='grc'><em>4</em></span> 
     </span>
     <span class='ocr_line' id='line_1_36' title="bbox 126 4097 1457 4189; baseline 0 -25"><span class='ocrx_word' id='word_1_378' title='bbox 126 4101 301 4185; x_wconf 90' lang='grc' dir='ltr'><em>λυσάμενοι</em></span> <span class='ocrx_word' id='word_1_379' title='bbox 324 4101 363 4189; x_wconf 79' lang='grc' dir='ltr'><em>δή</em></span> <span class='ocrx_word' id='word_1_380' title='bbox 386 4112 444 4167; x_wconf 83' lang='grc' dir='ltr'><em>τοῦ</em></span> <span class='ocrx_word' id='word_1_381' title='bbox 467 4104 625 4188; x_wconf 88' lang='grc' dir='ltr'><em>χρυσίου),</em></span> <span class='ocrx_word' id='word_1_382' title='bbox 648 4102 680 4165; x_wconf 86' lang='lat' dir='ltr'><em>in</em></span> <span class='ocrx_word' id='word_1_383' title='bbox 703 4102 841 4185; x_wconf 80' lang='lat' dir='ltr'>genetivo</span> <span class='ocrx_word' id='word_1_384' title='bbox 864 4101 1042 4183; x_wconf 76' lang='lat' dir='ltr'>explicativo</span> <span class='ocrx_word' id='word_1_385' title='bbox 1066 4101 1177 4178; x_wconf 84' lang='lat'>356‚3</span> <span class='ocrx_word' id='word_1_386' title='bbox 1201 4099 1304 4182; x_wconf 89' lang='grc' dir='ltr'><em>(τέλος</em></span> <span class='ocrx_word' id='word_1_387' title='bbox 1324 4097 1457 4186; x_wconf 81' lang='grc' dir='ltr'><em>έπεμψε</em></span> 
     </span>
     <span class='ocr_line' id='line_1_37' title="bbox 126 4208 1455 4295; baseline -0.005 -21"><span class='ocrx_word' id='word_1_388' title='bbox 126 4218 266 4295; x_wconf 81' lang='grc' dir='ltr'><em>στρατοῦ</em></span> <span class='ocrx_word' id='word_1_389' title='bbox 287 4211 425 4292; x_wconf 78' lang='grc' dir='ltr'><em>πολλοῦ)</em></span> <span class='ocrx_word' id='word_1_390' title='bbox 448 4209 576 4274; x_wconf 90' lang='lat' dir='ltr'>Hoesch.</span> <span class='ocrx_word' id='word_1_391' title='bbox 594 4208 632 4276; x_wconf 92' lang='lat' dir='ltr'><em>N.</em></span> <span class='ocrx_word' id='word_1_392' title='bbox 648 4209 734 4285; x_wconf 75' lang='lat' dir='ltr'>Mic„</span> <span class='ocrx_word' id='word_1_393' title='bbox 759 4208 890 4273; x_wconf 86' lang='lat' dir='ltr'>Schvvrv.</span> <span class='ocrx_word' id='word_1_394' title='bbox 912 4208 1066 4286; x_wconf 82' lang='lat' dir='ltr'>„validam</span> <span class='ocrx_word' id='word_1_395' title='bbox 1086 4208 1271 4271; x_wconf 88' lang='lat' dir='ltr'>armatorum</span> <span class='ocrx_word' id='word_1_396' title='bbox 1295 4211 1455 4282; x_wconf 82' lang='lat' dir='ltr'>manum“‚</span> 
     </span>
    </p>
   </div>
   <div class='ocr_carea' id='block_1_3' title="bbox 127 4371 338 4379">
    <p class='ocr_par' dir='ltr' id='par_1_6' title="bbox 127 4371 338 4379">
     <span class='ocr_line' id='line_1_38' title="bbox 127 4371 338 4379; baseline 0.005 -1"><span class='ocrx_word' id='word_1_397' title='bbox 127 4371 338 4379; x_wconf 69' lang='lat'><em>--·---————..</em></span> 
     </span>
    </p>
   </div>
   <div class='ocr_carea' id='block_1_4' title="bbox 136 4453 515 4622">
    <p class='ocr_par' dir='ltr' id='par_1_7' title="bbox 136 4453 515 4633">
     <span class='ocr_line' id='line_1_39' title="bbox 237 4453 515 4522; baseline 0 -14"><span class='ocrx_word' id='word_1_398' title='bbox 237 4455 257 4522; x_wconf 82' lang='lat'><em>¹)</em></span> <span class='ocrx_word' id='word_1_399' title='bbox 295 4453 326 4508; x_wconf 88' lang='lat' dir='ltr'><em>cf.</em></span> <span class='ocrx_word' id='word_1_400' title='bbox 346 4455 378 4509; x_wconf 89' lang='lat' dir='ltr'>de</span> <span class='ocrx_word' id='word_1_401' title='bbox 397 4454 515 4509; x_wconf 86' lang='lat' dir='ltr'>articulo.</span> 
     </span>
     <span class='ocr_line' id='line_1_40' title="bbox 136 4543 497 4622; baseline 0.003 -25"><span class='ocrx_word' id='word_1_402' title='bbox 136 4619 139 4622; x_wconf 72' lang='lat'>.</span> <span class='ocrx_word' id='word_1_403' title='bbox 233 4544 257 4619; x_wconf 82' lang='grc'><em>2)</em></span> <span class='ocrx_word' id='word_1_404' title='bbox 293 4543 325 4597; x_wconf 86' lang='lat' dir='ltr'><em>cf.</em></span> <span class='ocrx_word' id='word_1_405' title='bbox 345 4543 377 4598; x_wconf 87' lang='lat' dir='ltr'><em>dc</em></span> <span class='ocrx_word' id='word_1_406' title='bbox 395 4560 497 4612; x_wconf 80' lang='lat' dir='ltr'>genere.</span> 
     </span>
    </p>
   </div>
   <div class='ocr_carea' id='block_1_5' title="bbox 0 0 1582 5086">
    <p class='ocr_par' dir='ltr' id='par_1_8' title="bbox 0 0 1582 5086">
     <span class='ocr_line' id='line_1_41' title="bbox 0 0 1582 5086; baseline 0 0"><span class='ocrx_word' id='word_1_407' title='bbox 0 0 1582 5086; x_wconf 95' lang='lat' dir='ltr'><em> </em></span> 
     </span>
    </p>
   </div>
  </div>
 </body>
</html>
