3156 5086
677 272 890 336 ..22-

66 445 71 452 ¹
121 467 157 533 τὸ
181 468 262 532 ἄλλο
284 492 318 551 μ.
343 465 529 549 οο1.,Μ1ε.)
555 466 629 543 771,
656 467 696 530 10
721 466 891 551 (τδμέρος
915 466 1041 550 ἔχοντες
1064 486 1117 549 pro
1141 467 1178 534 τδ
1203 469 1330 534 ἑαυτῶν
1352 475 1450 552 μερος
1503 511 1506 521 ·

120 572 254 652 ἕκαστος
278 573 417 657 ἔχοντες)
444 573 558 650 857,4
581 579 652 648 (τοῦ
675 573 800 661 πατρὸς
823 592 876 654 pro
902 583 959 639 τοῦ
983 583 1043 640 σοῦ
1066 575 1204 663 πατρὸς,
1228 573 1311 652 Nfo.)
1336 575 1448 651 864,1

120 681 192 770 (τὴν
214 679 364 769 κεφαλὴν
386 699 440 762 pro
464 681 527 769 τήν
549 680 609 767 σὴν
631 705 716 768 κεφ.,
740 679 832 764 Nm).

227 786 286 852 Sed
308 787 484 870 priusquam
501 787 540 852 ad
554 787 621 868 ipsa
643 787 821 870 pronomina
844 787 1004 852 traotanda
1019 789 1185 866 transeam,
1208 807 1450 854 commemoran-

121 896 195 960 dum
218 894 295 959 mihi
319 897 380 972 est,
411 895 449 959 ab
472 894 510 959 A.
535 895 700 960 articulum
724 896 854 960 contra
876 894 1025 960 Atticae
1055 893 1231 959 dictionis
1254 914 1358 959 usum
1381 913 1451 960 non

121 1003 271 1086 saepius
294 1002 419 1067 omitti
442 1021 549 1083 quam
572 1001 670 1084 poni,
703 1021 737 1066 ao
760 1022 798 1066 no
821 1003 878 1066 hao
909 1001 1032 1083 quidem
1054 1003 1188 1068 looorum
1211 1020 1228 1066 ο
1250 1001 1451 1067 multitudine

123 1128 257 1191 -quae
280 1108 326 1174 est
350 1109 401 1185 65,
426 1129 442 1174 ο
465 1110 575 1191 quibus
599 1110 642 1172 54
665 1109 759 1174 Maso.
780 1146 818 1155 -
836 1109 1002 1191 inquirenti
1026 1109 1122 1174 evasit
1144 1109 1223 1173 mihi
1238 1111 1285 1174 lox
1300 1108 1451 1191 quaedam

121 1219 176 1282 aut
203 1217 323 1301 regula,
354 1234 446 1298 quam
478 1235 548 1281 oum
577 1216 717 1280 seoutum
748 1235 814 1280 esse
836 1216 933 1298 possit
955 1216 1066 1292 statui,
1097 1215 1156 1280 nisi
1180 1214 1260 1297 quod
1283 1215 1452 1282 maximam

120 1325 239 1408 partem
264 1322 391 1387 deiotico
413 1322 482 1400 illo,
513 1342 606 1404 quem
629 1322 747 1388 vocavit
770 1323 909 1406 Krueger
939 1324 958 1406 ᾖ
982 1324 1040 1399 50,
1065 1323 1102 1401 2,
1133 1321 1307 1406 significatu
1330 1321 1452 1387 videtur

121 1450 187 1496 esse
209 1449 297 1505 usus3
327 1430 365 1495 cf.
392 1420 473 1506 178,
500 1429 540 1493 17
565 1430 637 1517 (τὴν
660 1429 714 1517 τῆς
739 1430 906 1512 δυνάμεως
930 1430 1079 1517 ἐρημίαν)
1104 1429 1178 1505 217,
1204 1429 1245 1492 25
1271 1427 1344 1513 (οὐκ
1368 1429 1452 1497 α’νίει

122 1538 163 1605 τοὶ
195 1537 266 1626 ἱερὰ
297 1537 365 1602 τὸν
395 1535 588 1626 ἐμπρησμὸν
617 1536 889 1619 δποδεικυύουτα)
922 1538 1003 1613 337,
1029 1538 1048 1600 9
1081 1540 1148 1615 (καὶ
1178 1535 1268 1622 αὐτῷ
1299 1544 1452 1622 τέσσαρες

122 1647 237 1733 ἄνδρες
262 1642 328 1710 rino
353 1642 394 1709 τὸ
421 1649 541 1726 τειχίον
563 1640 762 1720 ὑποσταντες
787 1641 1019 1724 ε’πεβοιίίευον,
1044 1643 1170 1710 Sohwfc.
1188 1644 1257 1710 ὑπό
1274 1669 1303 1709 τι
1319 1646 1452 1727 τειχίον)

123 1752 198 1830 406,
223 1751 260 1814 11
289 1749 478 1834 (κάμνοντες
503 1749 702 1824 ἐνεδίδοσαν,
734 1751 799 1816 aimo*
825 1761 888 1838 τῆς
912 1751 1067 1836 οῗπυρίας)
1101 1753 1174 1828 532,
1200 1752 1219 1815 8
1244 1749 1452 1833 (ἀδοξοῦντες

121 1860 183 1949 ἤδη
207 1857 244 1924 τὸ
268 1855 489 1948 τῶνληστῶν
513 1857 630 1941 ὄνομα)
655 1857 735 1933 679,
762 1857 800 1921 21
828 1858 859 1938 (ὃ
887 1867 1074 1944 Περπέννας
1097 1857 1214 1935 αδταῐς
1238 1857 1451 1945 ἐνεγέγραπτο

123 1968 179 2031 ἐπὶ
202 1973 245 2051 τρῖ
268 1964 387 2052 κλήρῳ)
413 1963 486 2042 710,
512 1964 528 2026 1
556 1962 636 2046 (ὑπό
660 1988 695 2030 τε
719 1963 820 2041 ἔθους
844 1974 915 2030 τῶν
938 1967 1136 2049 στρατειῶν),
1161 1965 1293 2043 816,12
1320 1963 1392 2047 (τοῦ
1416 1964 1452 2030 δὲ

122 2072 235 2160 ἥψατο
250 2071 345 2159 μὲνὴ
363 2069 474 2160 ἡδονή)
500 2070 574 2149 955,
592 2069 632 2133 18
643 2057 645 2062 ¹
658 2069 853 2161 (προήγαγεν
868 2072 989 2138 ἑαυτὸν
1003 2071 1058 2138 ἐπὶ
1075 2072 1140 2158 τὴν
1157 2071 1297 2158 σφαγήν)
1315 2071 1411 2148 1029,
1433 2071 1451 2132 6

124 2177 259 2263 (καὶτᾶ
283 2176 407 2261 ἕρυμνοὶ
432 2186 494 2242 τῶν
518 2176 606 2255 ε’ντδς
630 2180 801 2261 κατέλαβε,
824 2177 897 2242 Mfo.
923 2179 1006 2260 τινα)
1034 2178 1127 2256 1107,
1152 2181 1171 2241 6
1195 2180 1254 2260 (ῶν
1277 2177 1325 2243 ἔτι
1347 2185 1453 2266 κρείσ-

124 2309 188 2354 σων
213 2323 252 2332 -
277 2285 362 2351 κατὰ
385 2285 427 2351 τὸ
451 2284 594 2375 πλῆθος)
618 2287 676 2351 oet.
747 2333 750 2339 -
1125 2276 1128 2281 ’

504 2498 558 2616 6)
595 2499 667 2595 Do
699 2497 1068 2619 pronominibus

124 2697 162 2762 cf.
186 2695 320 2760 Kaellrer
342 2715 373 2777 p.
391 2695 466 2759 277.
492 2691 577 2758 Stich
601 2714 630 2776 p.
650 2694 724 2760 162.
750 2708 804 2740 -·

231 2818 371 2882 Primum
395 2816 603 2884 adnotandum
627 2820 689 2898 est,
719 2817 898 2901 pronomina
927 2818 1046 2895 αὐτὸς
1070 2818 1105 2881 ο1
1128 2818 1250 2885 αὑτοῦ
1278 2819 1455 2884 confundi

126 2929 197 2993 152
220 2925 304 3004 louis,
327 2910 387 2990 non
402 2944 420 2989 a
434 2924 577 3004 librariis,
601 2926 653 2990 sed
677 2928 715 2991 ab
738 2927 804 3009 ipso
819 2926 965 3007 scriptore
988 2924 1126 3008 (118111.
1150 2944 1179 3007 p.
1199 2927 1263 2991 174
1279 2928 1310 2991 et
1325 2927 1454 3010 Loesoh)

123 3035 168 3100 ita
197 3034 234 3098 ut
264 3032 327 3096 152
357 3031 431 3096 loois
460 3031 537 3096 falso
568 3018 748 3098 offenderint
771 3033 826 3097 aut
848 3031 1036 3097 mutaverint
1059 3031 1103 3097 M.
1129 3032 1197 3112 alii3
1228 3033 1266 3098 of.
1294 3035 1373 3110 702,
1400 3034 1453 3098 15.

125 3141 199 3220 705,
228 3140 276 3202 17.
303 3137 376 3212 717,
401 3138 454 3204 25.
480 3139 554 3219 752,
579 3139 631 3204 21.
659 3140 732 3219 754,
756 3139 807 3203 24.
834 3140 907 3215 763,
933 3140 984 3204 22.
1011 3140 1084 3217 776,
1110 3138 1140 3204 5.
1167 3141 1240 3218 782,
1264 3142 1294 3205 2.
1321 3140 1395 3218 792,
1424 3143 1453 3217 7,

124 3248 176 3326 22,
202 3246 254 3310 24.
281 3245 413 3323 80419
438 3246 495 3312 oet.

232 3351 318 3434 Quod
341 3369 412 3416 oum
434 3351 480 3415 ita
501 3351 553 3430 sit,
577 3352 692 3418 mirum
708 3371 768 3417 non
783 3355 838 3431 ost,
863 3352 942 3434 quod
967 3351 1115 3417 dativus
1139 3348 1183 3430 οἷ,
1207 3354 1260 3435 qui
1276 3354 1455 3438 saepissimo

122 3461 303 3537 usuvenit,
334 3456 489 3540 significat
512 3460 543 3523 ot
566 3461 674 3546 ἑαυτῷ
705 3460 802 3536 (velut
834 3460 885 3537 75,
911 3459 961 3524 16.
994 3460 1067 3535 148,
1094 3459 1143 3526 12.
1176 3459 1249 3536 162,
1275 3462 1456 3542 8.οε1.),1

123 3567 213 3653 αὐτῷ
237 3565 326 3647 (137,
345 3565 374 3628 7.
407 3564 549 3644 138,14.
576 3567 686 3645 581,5
711 3567 779 3644 oet„
804 3566 841 3631 of.
867 3565 906 3630 K.
931 3566 1080 3648 16165,
1106 3567 1125 3629 2
1151 3566 1319 3651 118455)
1344 3561 1455 3652 οδμο

124 3675 247 3740 ἑαυτοῦ
262 3669 394 3755 legimus
411 3671 484 3750 500,
503 3674 532 3750 3,
552 3667 593 3740 οὗ
608 3673 713 3740 αὐτοῦ
730 3674 851 3751 866,1,
869 3684 972 3761 σφεῖς,
989 3683 1090 3759 σφῶν,
1108 3681 1200 3761 σφίσι
1215 3694 1269 3757 pro
1283 3673 1384 3741 αὐτοί
1394 3676 1454 3741 eto.

124 3777 314 3863 (11.1οοεοὴ
345 3779 377 3844 ot
400 3777 485 3844 Stiuh
508 3798 537 3861 p.
564 3781 641 3866 162)
673 3781 724 3858 29,
752 3779 802 3845 14.
835 3780 892 3858 52,
916 3781 945 3843 6.
976 3780 1051 3858 334,
1077 3781 1106 3846 2.
1138 3781 1212 3859 468,
1239 3783 1269 3847 2.
1301 3781 1375 3860 777,
1402 3781 1454 3849 16.

125 3885 277 3964 834,18.
309 3886 383 3962 999,
409 3886 461 3950 23.
495 3886 591 3966 1070,
615 3889 657 3951 20
681 3890 757 3965 oet,
788 3905 843 3969 pro
867 3888 994 3953 ἑαυτῶν
1016 3887 1072 3951 oto.
1108 3888 1189 3964 273,
1217 3888 1266 3952 10.
1299 3889 1374 3966 620,
1400 3889 1453 3953 22.

124 3992 269 4072 429,11.
295 3991 439 4069 777,14.
465 3992 538 4069 825,
556 3993 608 4058 22.
634 3994 708 4075 904,
726 3996 756 4059 3.
783 3995 855 4070 732,
873 3993 903 4058 4.
929 3993 1003 4072 812,
1021 3994 1052 4060 2.
1077 3995 1151 4072 924,
1169 3996 1208 4058 21
1236 3994 1292 4059 cot.

230 4099 430 4164 Pronomen
447 4097 593 4183 aorogl)
609 4119 664 4181 pro
680 4099 809 4166 artioulo
825 4099 958 4183 legimus
975 4100 1050 4178 677,
1068 4101 1087 4163 2
1105 4099 1257 4185 (πόλεμοι
1272 4104 1300 4166 δ’
1312 4102 1455 4190 ἤκμαζον

125 4200 220 4283 οὗτός
243 4230 334 4272 τε-
351 4205 447 4271 καὶιὸ
464 4207 678 4295 Μιθριδάτου
700 4244 734 4253 -
754 4210 809 4274 καὶ
832 4206 849 4274 ὁ
870 4216 934 4274 τῶν
957 4209 1081 4298 λῃστῶν
1100 4245 1134 4254 -
1154 4211 1210 4275 καὶ
1231 4211 1309 4293 περὶ
1325 4208 1455 4300 Κρήτην

124 4313 207 4399 πρὸς
231 4310 353 4389 αδτοδς
376 4319 503 4400 Κρῆτας
526 4310 650 4401 ἕτερος,
674 4313 762 4399 Mfo.)
792 4314 865 4393 710,
891 4316 907 4378 1
935 4320 1101 4400 (Μέμμιος
1132 4315 1168 4381 δὲ
1196 4313 1296 4392 orons
1320 4313 1378 4382 ἐπὶ
1404 4320 1453 4382 δε-

231 4522 254 4591 1)
272 4519 306 4577 ο1.
325 4520 357 4576 do
375 4521 434 4578 ooll.
453 4520 523 4577 verb.
