3156 5086
676 307 893 371 ...43-

227 497 302 574 501,
322 497 362 562 16
386 503 441 566 καὶ
463 508 517 588 γης
541 499 749 586 ἀναδασμοδς
774 501 981 589 ἐργασαμένῳ
1004 506 1060 570 καὶ
1074 512 1177 588 χρέῶν
1199 503 1374 584 ἀποκοπάς
1397 512 1452 572 καί

125 604 250 672 δούλιον
280 602 530 691 ἐλευθερώσεις,
560 611 615 674 καὶ
645 608 822 694 τυράννους
853 609 905 674 ἐπ’
931 608 1041 687 ἐνίοις,
1071 612 1129 676 καί
1157 611 1312 701 λγγσιηρια
1334 614 1452 688 πολλά,

73 800 75 805 Ι
121 709 191 775 Mfc.
216 735 286 795 τυρ.
312 712 521 800 ἐπιστησαντι
545 713 651 794 ἐνίοις.

226 817 360 897 644,18
384 821 540 906 στρατιάν
562 825 617 888 καὶ
641 822 765 910 τροφάς
788 825 842 888 καὶ
859 820 1010 909 χρήματα
1026 832 1171 911 συνῆγον,
1188 823 1293 901 ούδέν,
1318 827 1359 902 ώς
1376 830 1451 910 περὶ

121 923 272 1008 ἐσχάτων,
296 933 407 1013 σφίσιν
430 926 676 1006 ἀπολείποντες,
699 928 773 993 Μίε.
799 929 840 1006 ὡς
866 937 927 995 τών
951 926 1095 1011 ἐσχάτων
1113 937 1205 1017 σφίσι
1220 931 1451 1016 περιεστώτων,

120 1029 186 1095 NfC.
210 1034 288 1120 περὶ
311 1031 454 1117 ἐσχάτων
477 1035 728 1113 κινδυνεύοντες.

227 1137 308 1216 658,
336 1139 375 1203 16
406 1141 520 1224 οἱμὲν
543 1140 678 1218 έαντούς
702 1141 860 1227 ἀνῄρουν,
892 1141 930 1205 οἳ
949 1142 976 1205 δ’
999 1139 1159 1229 ἀλλήλους
1184 1142 1326 1220 ἑκόντες,
1357 1147 1396 1211 οἳ
1415 1147 1451 1212 δέ

118 1247 171 1310 καὶ
192 1243 324 1329 βρόχοις
348 1248 593 1324 συνεπλέκοντο,
618 1247 691 1312 Mfc.
716 1247 845 1325 ἑκόντες
868 1246 1037 1334 ἐφόνευον.

227 1351 355 1432 658,17
371 1357 427 1420 καὶ
442 1355 500 1433 τάς
511 1354 619 1439 θύρας
636 1354 835 1442 ἐνέφραττον
851 1351 965 1439 έτεροι,
980 1357 1035 1420 καὶ
1051 1353 1309 1442 ἐνεπίμπρασαν,
1325 1355 1450 1423 Schwfe.

118 1460 172 1523 καὶ
196 1458 255 1544 τὴν
276 1459 375 1525 πόλιν
398 1460 485 1526 ἐνεπ.

228 1564 302 1643 169,
321 1567 341 1630 3
365 1567 405 1632 οἵ
421 1568 482 1651 μὲν
506 1568 565 1632 ούκ
589 1566 701 1656 ἠξίουν
718 1618 726 1632 .
744 1617 750 1629 .
770 1618 801 1631 ..
826 1569 990 1655 βλαβῆναι
1014 1567 1071 1653 τὴν
1093 1566 1191 1633 πόλιν
1214 1569 1291 1635 ούδέ
1315 1570 1451 1647 δούλους

118 1671 178 1754 μέν
201 1670 411 1759 ἐλευθεροῦν,
436 1674 510 1748 τούς
534 1675 569 1740 δὲ
594 1673 792 1759 ἐλευθέρους
816 1673 990 1759 ὑπερορᾶν,
1010 1671 1084 1739 stfc.
1110 1676 1185 1752 τούς
1201 1674 1236 1740 δέ
1253 1674 1451 1761 ἐλευθέρους

119 1777 343 1857 δουλεύοντας,
366 1778 441 1845 Mfo.
467 1776 504 1846 εἰ
529 1780 604 1858 376,
623 1783 652 1845 8.

226 1885 359 1964 660,10
384 1885 568 1976 ἐγκλήματα
593 1889 618 1953 δ’
642 1882 682 1975 ἢν
704 1890 759 1952 καὶ
781 1891 871 1974 ξενία
895 1888 950 1951 καὶ
966 1886 1061 1973 φιλία
1076 1890 1131 1953 καὶ
1147 1887 1314 1970 δάνεισμα,
1337 1887 1450 1970 λαβόν-

119 2017 172 2068 τος
195 1993 215 2078 ἢ
240 1992 362 2068 δύντος.

225 2098 452 2176 689,11-13
476 2091 512 2187 ἧς
538 2098 620 2187 ἐρῶν
644 2100 776 2176 Κόιντος
800 2099 948 2184 Κούριος,
973 2097 1055 2184 ἀνὴρ
1080 2097 1114 2163 δι’
1134 2098 1241 2188 ἰνείδη
1265 2100 1372 2164 πολλὰ
1398 2109 1451 2189 τῆς

116 2205 237 2293 βουλῆς
261 2204 471 2289 ἀπεωσμένος
492 2210 547 2274 καί
563 2211 658 2295 τῆσδε
680 2215 734 2293 της
748 2207 904 2272 Κατιλίνα
927 2204 1093 2294 συνθήκης
1115 2203 1298 2291 η’ξιωμένος,
1321 2205 1451 2293 κούφως

117 2309 207 2396 μάλα
222 2314 278 2377 καὶ
292 2314 469 2399 φιλοτίμως
485 2312 641 2400 ἐξέφερεν
656 2308 712 2379 οἶα
727 2339 809 2397 προς
826 2313 997 2402 ἐρωμένην,
1021 2311 1062 2389 ώς
1077 2311 1195 2398 αύτίκα
1219 2311 1451 2388 δυναστεύσων,

117 2417 189 2482 Mfc.
215 2417 350 2505 ἐξέφερέ
374 2444 409 2484 τε
432 2420 542 2486 πάντα
565 2421 646 2506 πρὸς
670 2420 774 2509 αύτὴν
796 2423 851 2485 καὶ
875 2419 1128 2503 ἐμεγαλαυχεῖτο
1153 2415 1267 2484 οἷα...

225 2525 300 2601 697,
318 2525 357 2587 21
384 2526 598 2610 ἐνισταμένων
621 2526 657 2593 δέ
680 2528 810 2592 πολλῶν
833 2564 870 2573 -
896 2545 937 2592 sc.
963 2550 998 2592 τε
1021 2526 1129 2591 ἀλλων
1152 2563 1186 2571 -
1212 2528 1267 2591 καὶ
1290 2525 1451 2603 Κάτωνος,

120 2631 205 2708 Μίο,
231 2631 268 2696 cf.
294 2633 437 2711 698,19.
462 2633 537 2698 Mfo.
563 2633 638 2713 543,
656 2635 709 2699 20.
733 2633 816 2698 me.
842 2633 918 2713 253,
937 2633 987 2698 13.
1013 2630 1110 2696 Schw.
1135 2631 1254 2717 Mfm.¹)

226 2738 300 2814 877,
318 2739 361 2801 24
385 2740 416 2817 ἐς
441 2740 653 2826 ἀλλοτρίωσιν
676 2749 739 2806 τών
761 2742 962 2830 κληρουχιῶν
984 2739 1164 2823 Καίσαρι,2)
1189 2737 1262 2802 Mf0.

225 2845 360 2923 928,12
384 2845 472 2934 νύμφ
495 2848 521 2912 δ’
545 2849 643 2934 ἐτέρφ
667 2847 794 2912 ἀπέλυε
816 2847 860 2934 μὴ
879 2842 965 2912 εἶναι
984 2848 1143 2930 πολέμιον
1158 2846 1373 2928 Δολοβέλλαν,
1397 2850 1451 2913 καὶ

117 2947 203 3018 εἶναι
227 2950 333 3038 φόνου
358 2957 447 3031 δίκας
471 2953 527 3020 ἐπὶ
550 2961 698 3038 Καίσαρι,
723 2951 849 3018 Sehwfo.
875 2956 930 3019 καὶ
953 2952 1052 3018 ἔθετο
1077 2939 1171 3029 εἶναι,
1196 2949 1268 3016 Mfc.
1285 2954 1341 3047 καὶ
1356 2959 1451 3038 τρίτῳ

117 3054 210 3125 εἶναι.

226 3166 360 3243 949,15
384 3170 439 3234 καὶ
462 3169 593 3244 πλείους
618 3166 780 3257 ὀψόμενοι
803 3173 963 3232 συνέθεον
985 3169 1006 3257 η’
1029 3165 1230 3250 ἀκροώμενοι
1245 3164 1288 3229 Μ.
1311 3186 1334 3230 r.
1359 3167 1452 3230 adno-

120 3272 198 3337 tavit
225 3274 438 3357 „exspecssabas
461 3277 483 3362 ἢ
506 3284 632 3359 προτοῦ
655 3273 925 3358 ἅκροασόμενού,
950 3274 1002 3338 sed
1025 3272 1103 3337 nihil
1126 3272 1320 3338 mutandum.

227 3381 306 3457 993,
324 3381 366 3444 26
399 3382 438 3446 τά
464 3384 488 3446 δ’
513 3381 599 3447 αύιά
626 3384 681 3448 καὶ
704 3391 851 3467 Βροῦτος
880 3380 958 3463 ύμῖν
981 3387 1143 3466 προτείνει
1171 3386 1370 3469 ψηφίσματα
1397 3383 1452 3444 καὶ

120 3486 308 3574 Πομπήιος.
324 3540 328 3551 .
343 3539 349 3553 .
365 3540 382 3560 .,
407 3489 464 3565 τάς
488 3488 515 3553 δ’
539 3490 676 3565 ἱκετείας
700 3487 756 3555 ἐπὶ
773 3499 838 3565 τοῖς
855 3495 1046 3578 ψηφίσμασι
1067 3490 1123 3552 καὶ
1138 3486 1209 3553 οἵδε
1224 3485 1357 3562 πάντες,
1381 3487 1452 3552 ὅσοι

120 3594 298 3680 φεύγουσιν
313 3594 380 3660 ἀπὸ
398 3604 454 3684 τῆς
468 3598 597 3683 βουλῇς,
621 3596 660 3661 οἵ
673 3595 736 3679 μὲν
751 3594 783 3672 ἐς
799 3594 857 3678 ἐμὲ
874 3598 929 3660 καὶ
944 3603 1103 3678 Βροῦτον,
1128 3594 1201 3658 οΐδ
1220 3592 1252 3668 ἐς
1270 3591 1451 3682 Πομπήιον,

120 3698 177 3764 Mr.
203 3700 363 3765 adnohavit
385 3702 424 3764 ad
447 3704 502 3769 καὶ
529 3703 742 3783 „exspectabas
765 3705 969 3778 ποιοῦνταύ,
994 3700 1045 3765 sed
1068 3699 1145 3764 nihil
1167 3697 1360 3763 mutandum.

228 3806 324 3886 1114,
341 3809 381 3871 22
407 3809 429 3873 ἀ
451 3809 512 3893 μὲν
535 3810 572 3897 δη
598 3810 766 3900 Λαβιηνός
782 3834 816 3874 τε
839 3812 894 3874 καὶ
911 3815 1104 3895 Παρθυαῖοι
1120 3807 1295 3890 δράσαντες
1311 3805 1451 3883 ἔπαθον,
1499 3900 1502 3904 ⁴

121 3913 139 3998 ἡ
165 3915 320 4000 Παρθικὴ
345 3915 481 4004 δηλώσει
502 3917 624 4003 γραφη,
648 3915 722 3980 Mfc.
747 3915 889 4002 ἔδρασάν
913 3940 947 3981 τε
970 3918 1025 3982 καὶ
1049 3912 1188 3980 ἔπαθον.

226 4019 302 4096 886,
323 4021 361 4083 16
387 4021 544 4105 ὑποζύγια
555 4073 562 4087 .
575 4074 601 4088 ..
618 4029 764 4088 κατέθυε
779 4025 834 4087 καὶ
850 4022 1026 4108 ἐταρίχευε,
1042 4021 1086 4108 μη
1102 4019 1227 4106 χρόνιος
1243 4019 1262 4105 ἡ
1279 4019 1451 4103 πολιορκίαι

122 4133 251 4209 γένοιτο,
275 4124 343 4190 Nfc.
369 4131 434 4192 δέει
456 4127 516 4215 μὴ;
541 4128 683 4192 similiter
706 4127 875 4209 comparati
897 4127 969 4192 sunh
991 4125 1049 4190 loci
1066 4126 1139 4200 794,
1159 4125 1208 4189 14.
1233 4122 1344 4209 (Schw.
1360 4123 1411 4186 Mf
1429 4123 1451 4208 .)

125 4230 217 4309 1039,
238 4232 277 4294 16
301 4231 399 4317 (1146,Ι
422 4236 556 4300 ceterum
578 4236 615 4300 of.
642 4236 715 4313 897,
732 4233 787 4320 24)
813 4235 977 4313 1136,12.
1006 4274 1044 4281 -
1408 4255 1411 4260 ’

124 4395 335 4404 —--.-.--—

230 4480 253 4550 1)
273 4479 308 4535 cf.
326 4480 357 4535 de
375 4480 504 4548 particula
522 4503 558 4536 τε.

229 4570 253 4639 2)
271 4567 302 4623 cf.
321 4568 353 4622 do
372 4569 467 4624 dativo.
