3156 5086
618 315 840 379 ..29-

60 510 106 578 ἔτι
118 511 314 578 Λεύκολλον
328 510 398 578 ὑπό
410 519 464 599 τῆς
480 514 668 597 δυσχωρίας,
685 502 722 599 ἧς
738 519 865 595 κρατῶν
874 509 1133 602 κατεφρόνησεν,
1149 511 1396 600 Μο10.κρατεῐν.
1444 608 1447 614 .
1508 553 1511 562 ·

60 617 134 695 886,
156 616 197 681 10
221 617 404 685 πλάσσεται
428 621 602 704 γράμματα
622 656 656 663 -
678 635 719 682 sc.
743 617 816 700 033¹)
834 653 877 662 -
896 628 948 705 τῆς
971 620 1091 709 βουλῆς
1106 620 1269 710 καλούσης
1285 619 1395 685 αὐτὸν.

61 723 135 800 649,
154 725 174 786 4
198 723 311 813 ἠμέλει
334 723 479 809 ἀγείρων,
503 722 556 785 ubi
579 722 683 785 tamen
707 720 829 802 ellipsin
852 723 953 804 potius
969 724 1131 789 statuerim
1148 726 1285 791 vocabuli
1302 726 1398 792 οὐδέν

10 900 12 919 Ι
59 829 129 911 post
152 829 280 917 ἦγείρει.
298 831 393 907 1066,
413 832 432 895 9
450 831 657 914 καταλέγοντι
676 868 715 876 -
733 832 788 894 καὶ
812 829 998 913 ἐπινέμοντι
1014 835 1162 918 δυσεργὲς
1178 828 1226 919 ἦν.
1253 832 1347 910 1061,
1365 834 1396 900 8.

10 936 12 945 ’
61 936 205 1014 1131,1.
234 936 364 1015 llam
391 935 493 1020 (Mfo.)
544 935 671 1018 Saepius
700 935 794 1001 etiam
822 936 1074 1018 praepositionem
1106 958 1175 1002 cum
1206 940 1397 1004 substantivo

59 1042 214 1108 abstracto
237 1046 292 1109 aut
314 1062 385 1108 oum
409 1043 537 1109 articulo
561 1046 591 1108 et
614 1043 764 1109 infinitivo
787 1043 981 1109 coniunctam
1005 1030 1270 1128 exspectamus,
1300 1047 1397 1130 legi-

59 1168 139 1215 mus
162 1151 480 1234 praepositionem
506 1170 583 1216 cum
607 1150 819 1233 participio,
844 1151 922 1233 quod
946 1152 1045 1217 neseio
1069 1172 1107 1216 an
1124 1153 1337 1236 depromptum
1355 1153 1396 1217 sit

58 1274 237 1322 esermone
261 1257 385 1323 Latino:

167 1363 280 1443 846,7
304 1366 387 1448 μετά
411 1371 537 1449 Συρίαν
559 1366 851 1447 δοθεῖσαν-τροε1
874 1365 977 1429 datam
1002 1364 1131 1448 Syriam.

165 1469 242 1548 573,
259 1470 299 1533 21
326 1471 379 1538 διά
404 1471 479 1549 τούς
502 1472 823 1555 διαιροῦνταςεδιά
847 1473 908 1560 τήν
930 1475 1092 1555 διαίρεσιν,
1116 1471 1188 1537 Mf.

171 1576 266 1656 1116,
285 1578 302 1640 7
329 1576 361 1655 ἐς
387 1576 561 1668 ἐπίκτητον
583 1577 734 1665 άρχὴνῑ
750 1576 782 1654 ἐς
806 1577 973 1667 ἐπίκτησιν
996 1577 1104 1666 α’ρχῆς,
1143 1577 1217 1641 Ml.

167 1685 243 1760 622,
262 1684 303 1748 18
329 1683 386 1752 ἐπὶ
408 1697 475 1762 τοῖς
499 1685 729 1772 περιοδεύουσι
743 1713 775 1740 =
791 1686 829 1749 ob
851 1683 972 1748 viarum
994 1685 1154 1761 transitus,
1180 1683 1284 1749 Schuf
1301 1736 1307 1750 .

168 1790 244 1869 308,
261 1791 303 1854 20
326 1790 393 1857 ὑπὸ
417 1793 547 1875 βάθους
571 1815 607 1857 τε
630 1793 685 1857 καὶ
700 1795 899 1875 πνευμάτων
914 1790 1116 1879 άγριωτέρων
1131 1810 1171 1856 su.
1190 1792 1300 1869 ὄντων,
1324 1792 1392 1858 Nf.

57 1895 260 1985 α’γριάτητος.
706 1929 709 1933 ·
982 1910 985 1915 ’
1320 1896 1327 1905 ’

166 2003 324 2069 Accedunt
346 2004 404 2068 loci
428 2003 502 2081 900,
520 2003 571 2069 20.
601 2005 764 2078 106219.
792 2003 956 2082 1115,16.
983 2004 1055 2080 584,
1076 2006 1126 2070 10.

166 2111 213 2188 ὥς
236 2130 356 2193 semper
379 2111 441 2175 fere
464 2109 659 2176 coniunctum
683 2110 797 2194 legitur
819 2129 897 2175 cum
922 2110 1120 2192 participio
1142 2110 1271 2186 futuri,
1296 2129 1393 2193 neque

57 2217 164 2282 tamen
187 2217 244 2282 hoc
266 2236 477 2300 nonnusquam
500 2237 558 2282 non
575 2218 658 2281 caret
672 2216 824 2298 particula
847 2218 888 2294 ὥς
913 2217 1000 2297 (233,
1017 2218 1036 2281 9
1054 2217 1182 2301 ἔπεμπε
1197 2255 1240 2263 -
1254 2220 1394 2284 Λαίλιον

58 2323 303 2410 ε’ξαγγελοῦντα.
329 2325 403 2401 259,
421 2325 451 2388 4.
476 2325 550 2399 354,
570 2325 598 2402 6,
623 2324 708 2406 001.);
732 2323 814 2387 idem
831 2323 913 2387 cadit
928 2323 959 2386 in
976 2323 1074 2388 locum
1092 2324 1166 2398 863,
1186 2323 1205 2384 1
1223 2325 1334 2406 (Γάιον
1349 2360 1392 2369 -

58 2431 94 2497 vt
120 2430 227 2515 δόγμα
250 2440 394 2519 φέροντα
417 2441 461 2518 τῷ
485 2440 612 2517 στρατῷ
634 2434 841 2515 διεπέμπετο,
867 2429 971 2511 Mla),
999 2429 1052 2494 ubi
1081 2430 1278 2512 participium
1305 2450 1393 2513 prae·
1489 2492 1493 2518 ,Ι

57 2537 154 2602 sentis
178 2537 261 2603 extat
284 2557 338 2620 pro
360 2537 473 2603 futuro.

165 2642 282 2708 Extant
304 2663 391 2726 porro
413 2644 480 2723 loci,
505 2644 558 2708 ubi
581 2642 649 2708 duo
672 2641 875 2724 participia
898 2642 976 2707 sine
1000 2641 1076 2706 ulla
1103 2641 1391 2725 coniunctione2)

56 2749 139 2815 inter
163 2768 195 2814 se
217 2752 392 2833 sequantur,
417 2750 462 2815 ita
478 2752 512 2814 ut
528 2751 660 2816 alterum
676 2750 714 2814 ab
730 2749 824 2814 altero
846 2748 1029 2832 dependeat:
1056 2751 1127 2827 100,
1145 2750 1164 2812 2
1182 2748 1392 2836 Νεργόβριγες

62 2893 95 2902 -
123 2858 328 2941 πυθόμενοι,
356 2865 549 2946 πέμψαντες
571 2857 714 2946 ἠρώτων.
741 2856 812 2935 752,
830 2856 859 2932 4,
879 2855 898 2919 5
923 2857 962 2922 οἲ
980 2857 1015 2921 δὲ
1036 2860 1090 2923 καὶ
1113 2857 1289 2940 κάμνοντες
1311 2857 1392 2951 ὅλως

56 2973 102 3051 τιγῖ
125 2961 265 3050 πολέμῳ
283 2964 340 3054 τὴν
363 2972 466 3052 κρίσιν
488 2973 669 3050 ταχυτέραν
684 2964 808 3046 μᾶλλον
823 2965 844 3053 ἢ
859 2971 1054 3051 πρέπουσαν
1069 2962 1273 3047 ἐπειγόμενοι
1288 2972 1390 3048 γενέσ-

55 3075 129 3146 θαι,
153 3070 274 3148 πάντες
297 3069 477 3156 ἐξώτρυνον
499 3069 602 3136 αὐτόν
626 3072 683 3135 cet.

166 3176 341 3243 (lunatum
371 3177 500 3260 denique
527 3177 681 3261 significat
707 3177 904 3259 participium
931 3174 1100 3258 praesentis
1130 3175 1195 3240 loco
1228 3175 1305 3252 617,
1339 3176 1390 3240 17:

56 3281 133 3350 ἐπεὶ
157 3284 302 3351 διαλάων
324 3284 529 3363 011τούςοοκ
553 3283 697 3351 ἔπειθεν.

168 3460 190 3524 ll
211 3460 244 3516 cf.
264 3460 296 3515 de
314 3459 411 3531 ellipsi.

164 3549 188 3615 2)
208 3548 241 3605 cf.
261 3549 293 3604 de
310 3548 445 3620 asyndeto.
