3156 5086
676 305 897 369 ,32-

228 502 257 578 5,
280 502 300 566 8
330 498 417 589 αάτή
446 524 481 566 τε
499 499 620 566 Ἰταλία
648 497 836 589 μακροτάτη
866 498 905 586 δή
936 497 1070 564 πάντων
1101 496 1209 566 ἐθνῶν
1232 494 1331 575 odda,
1360 500 1455 565 M³rs

120 609 241 675 collatis
264 606 337 672 locis
364 605 626 694 1005‚13‘(a}v
650 604 804 694 Ἰβηρίαν,
836 605 1018 695 εδρυτάιην
1042 604 1150 671 ἐθνῶν
1173 601 1287 689 οὖσαν)
1317 606 1456 684 1020,4

122 717 352 800 (Μακεδονίας,
370 713 488 790 ἔθνους
506 712 637 799 δρείο-υ),
654 711 764 792 quibus
780 710 859 777 addo
876 712 1004 788 618,18
1022 713 1038 776 δ
1056 722 1115 778 τοῦ
1132 714 1260 779 Πόντου
1277 717 1333 779 καί
1348 714 1458 779 ἀλλων

122 823 230 888 ἐθνῶν
251 820 416 904 βασιλεύς)
441 821 514 897 630,
540 819 578 883 11
600 818 708 884 Ἀσίαν
729 825 788 884 καί
808 820 892 884 ἀλλα
917 817 999 908 ἔθνη
1024 819 1133 885 πολλά
1157 820 1234 895 687,
1260 820 1299 882 17
1325 819 1456 886 Πόντον

123 931 270 1014 βασιλέα,
291 934 349 992 καί
362 929 421 1014 τὴν
436 927 538 1014 ἀρχὴν
554 927 668 1002 αὐτοῦ,
687 928 743 992 καὶ
758 927 820 991 ἴσα
837 926 921 990 ἄλλα
938 924 1020 1015 ἐθνη
1036 928 1248 1012 προσέλαβεν.
1275 927 1347 1002 773,
1366 928 1386 991 3
1403 929 1458 993 καὶ

121 1039 275 1103 καλοῦσιν
298 1020 384 1099 αὕτά
402 1069 443 1078 -
461 1052 502 1098 sc.
527 1035 568 1098 τά
593 1033 675 1123 ἔθνη
694 1069 732 1078 -
752 1034 800 1098 ἐνί
823 1030 958 1117 ὀνόματι
977 1030 1082 1098 Ἀσίαν
1105 1033 1163 1119 τήν
1185 1033 1281 1099 κάτω.
1323 1033 1397 1112 756,
1414 1034 1457 1097 23

122 1146 254 1210 Πισίδαι
269 1144 323 1207 καὶ
336 1139 550 1226 Παφλαγόνες
566 1142 622 1206 καὶ
631 1140 759 1205 Κιλικία
775 1142 830 1205 καὶ
837 1145 943 1224 Συρία
960 1141 1015 1204 καὶ
1032 1146 1165 1228 Φοινίκη
1180 1142 1235 1205 καὶ
1252 1141 1287 1206 τό
1297 1142 1458 1228 Ἑβραίων

121 1259 209 1334 γένος
224 1247 282 1312 cet.
300 1247 374 1322 833,
389 1249 405 1310 7
424 1247 483 1334 τήν
495 1245 632 1312 Ἐλλάδα
643 1283 695 1321 -,
713 1245 975 1330 δυσαρκτότατον
991 1244 1089 1323 ἔθνος
1105 1249 1159 1312 καὶ
1176 1247 1456 1334 φιλελεόθερονθ)

122 1465 176 1527 καὶ
195 1463 256 1528 όσα
273 1461 358 1525 ἀλλα
373 1469 446 1550 γένη
462 1462 579 1546 Σόρων
600 1460 651 1545 (cf.
674 1461 771 1536 1123,
790 1459 845 1541 18)
881 1461 955 1538 500,
974 1463 989 1523 1
1013 1467 1159 1539 Λυκίους
1179 1463 1235 1527 καὶ
1244 1461 1385 1538 Ῥοδίους
1405 1464 1459 1527 καὶ

123 1575 318 1658 Μαγνησίαν
333 1575 392 1632 καί
405 1592 491 1645 τινας
507 1568 635 1645 ἀλλους,
660 1566 733 1632 Mfc.
752 1566 936 1657 Μάγνητας.
962 1567 1036 1643 561,
1055 1569 1075 1630 4
1099 1577 1143 1655 τῷ
1160 1567 1195 1633 δέ
1211 1567 1303 1655 edrai
1325 1570 1458 1654 πολέμφ

122 1679 177 1741 καὶ
192 1674 393 1751 Κιλικίας-τά
410 1673 508 1762 μήπω
526 1680 619 1761 σφίσι
634 1673 779 1761 κατήκοα
795 1677 849 1740 καὶ
863 1681 986 1761 Συρίας
1001 1674 1060 1761 τήν
1076 1699 1110 1741 τε
1121 1682 1275 1766 Φοινίκην
1284 1677 1339 1741 καὶ
1348 1677 1459 1765 κοίλην

122 1783 180 1847 καί
195 1782 415 1870 Παλαιστίνην
431 1784 492 1846 ’καὶ
516 1780 574 1869 τήν
597 1779 629 1857 ἐς
652 1780 688 1846 τό
713 1779 880 1865 μεσόγειον
903 1779 958 1847 ἐπὶ
981 1782 1133 1865 ποταμόν
1148 1781 1337 1872 Εὐφράτην,
1362 1782 1459 1847 ου’δέν

123 1888 171 1954 ἐτι
195 1897 239 1974 τῷ
264 1887 457 1974 Μιθριδάτῃ
481 1886 769 1976 προσήκοντά...
794 1889 1009 1975 προσέλαβον,
1032 1886 1106 1954 Mfc.
1132 1888 1210 1954 τάδε
1233 1907 1287 1970 pre
1311 1888 1366 1964 ἐτι,
1389 1889 1460 1970 pest

123 1994 329 2083 προσήκοντα
352 1992 557 2075 supplendum
580 1995 626 2058 est
650 1992 742 2083 ἔθνη.
759 2030 802 2039 -
821 1993 955 2069 1064,5
980 1993 1109 2078 ἔπεμπε
1133 1995 1207 2072 τοδς
1231 1997 1353 2072 ἱππέας
1370 1995 1456 2061 Πάλ-

122 2128 212 2186 μυρα
234 2100 332 2166 πόλιν
342 2150 428 2164 .....
455 2101 643 2189 διαρπάσαι,
666 2101 767 2188 μικρά
790 2110 852 2186 μέν
869 2101 1034 2168 ἐπικαλῶν
1051 2100 1195 2180 αδτοῑς.
1232 2102 1460 2178 1064,17καί

123 2214 215 2275 δοκεῖ
228 2206 302 2274 τόδε
320 2207 355 2273 τδ
374 2207 466 2292 ἔργον
485 2208 636 2296 Ἀντωνίῳ
652 2209 708 2274 τόν
722 2208 791 2292 μετ’
808 2208 847 2275 οδ
864 2210 949 2275 πολδ
970 2209 1141 2294 Παρθικὸν
1156 2207 1303 2293 πόλεμον
1325 2206 1460 2297 ἐξάψαι,

123 2317 254 2382 πολλῶν
281 2313 316 2379 ἐκ
339 2320 461 2399 Συρίας
491 2311 657 2400 τυράννων
684 2317 715 2390 ἐς
743 2312 887 2392 αὐτοῦς
910 2313 1160 2402 συμφυγόντων,
1188 2313 1242 2378 ubi
1268 2312 1391 2392 αὐτούς
1413 2314 1459 2379 in-

123 2421 330 2506 tellegendum
360 2421 407 2485 esi
423 2419 599 2505 Πάρθουςλ
625 2457 663 2465 -
691 2418 769 2497 581,
783 2421 823 2484 21
848 2421 868 2510 ή
893 2423 929 2487 δέ
952 2420 1123 2499 πόλις....
1143 2419 1273 2512 διήρητο
1297 2420 1329 2500 ἐς
1352 2420 1461 2512 λάπην

123 2531 179 2595 καὶ
200 2527 328 2615 ήδονήν,
353 2527 393 2593 οἵ
408 2527 470 2611 μὲν
493 2526 702 2610 οἰκτείροντες
725 2528 783 2592 cet.

234 2634 329 2711 1099,
344 2636 362 2698 8
388 2633 446 2722 τήν
469 2633 506 2698 δέ
521 2640 695 2722 Περυσίαν
711 2632 816 2720 αὐτήν
831 2633 961 2718 ἐγνῶκει
976 2634 1038 2719 μέν
1054 2633 1071 2700 ὁ
1087 2642 1216 2724 Καίσαρ
1233 2633 1264 2714 ἐς
1281 2635 1463 2725 διαρπαγήν

124 2741 302 2830 ἐπιτρέψαι
326 2749 369 2827 τῷ
393 2749 527 2827 στρατῷ,
551 2748 684 2818 Κέστιος
709 2744 744 2807 δέ
768 2766 814 2818 τις
836 2739 962 2807 αάτῶν.
976 2792 1004 2806 ..
1029 2741 1196 2833 ἐνέπρησε,
1220 2741 1264 2806 Μ.
1289 2742 1329 2806 ad
1352 2741 1463 2807 αδτῶν

123 2869 147 2914 r.
173 2846 331 2912 adnotavit
358 2846 438 2926 „noli
461 2846 569 2912 ἀστῶν
592 2847 755 2912 conicere.“
782 2884 824 2893 -
849 2847 1098 2926 351,19-20
1123 2849 1162 2914 oi*
1180 2849 1217 2915 δὲ
1244 2848 1461 2937 ἀπεκρίναντο

124 2955 296 3043 Κόρκυραν
316 2954 378 3039 μὲν
400 2957 456 3020 καὶ
485 2953 598 3041 Φάρον
620 2957 674 3020 καὶ
688 2954 797 3020 Ἴσσαν
818 2957 873 3022 καί
896 2954 1096 3041 Ἐπίδαμνον
1118 2959 1174 3023 καὶ
1195 2955 1359 3041 Ἰλλυριῶν
1385 2954 1461 3032 τοδς

120 3059 321 3139 Ἀτιντανοδς
343 3061 405 3151 ήδη
423 3062 588 3145 Ῥωμαίων
610 3061 778 3151 ὑπηκόους
801 3057 897 3129 εἶναι.
924 3100 962 3108 -

236 3168 396 3246 1182,10
421 3175 479 3234 καί
497 3192 554 3251 μοι
578 3166 668 3246 ἔδοξε
685 3168 737 3232 ’τά
755 3166 924 3254 Ἰλλυρικά,
952 3170 1029 3235 οὔτε
1055 3167 1195 3256 ἀκριβῶς
1222 3167 1377 3255 γενόμενά
1406 3191 1462 3252 μοι

124 3275 282 3362 γνώριμα,
311 3275 388 3340 οὔτε
412 3277 631 3340 συντελοῦντα
652 3282 753 3361 μήκος
776 3275 860 3353 ἰδίοις
882 3284 1082 3365 συγγραφῆς,
1111 3277 1187 3342 οὔτε
1209 3276 1317 3360 χάραν
1345 3273 1462 3359 ἔχοντα

125 3384 264 3468 ἑτέρωθι
288 3382 460 3469 λεχθῆναι,
485 3390 543 3447 τοῦ
566 3380 684 3469 χρόνου
709 3379 786 3446 καθ
812 3380 850 3448 ὃν
878 3379 1071 3472 ἐλήφθησαν
1099 3381 1292 3467 συνάγοντος
1316 3381 1403 3447 αὐτοὶ
1429 3380 1461 3459 ἐς

124 3492 214 3566 τέλος
243 3486 516 3575 προαναγράψαι,
544 3490 599 3554 καὶ
626 3488 808 3554 ὑποθεῖναι
835 3487 922 3554 αάτά
952 3497 989 3572 τη·
1013 3488 1121 3575 ὄμόρφ
1145 3493 1365 3579 Μακεδονικῇ.
1413 3488 1461 3552 Ad

126 3595 322 3685 ἐλήφθησαν
345 3613 404 3659 non
427 3594 468 3659 ιδ
481 3592 641 3681 Ἰλλυρικά
657 3592 870 3677 supplendum,
894 3594 974 3678 quod
988 3595 1110 3677 supplet
1126 3593 1222 3660 Schw.
1239 3596 1359 3660 vertens
1384 3613 1462 3676 „quc

126 3702 259 3785 primum
284 3700 442 3780 susceptae
466 3701 557 3764 sunt“
584 3700 639 3764 sed
662 3701 695 3765 οἱ
711 3700 869 3786 Ἰλλίριοι,
892 3700 1092 3777 cf.359,1c.
1118 3699 1294 3764 Genetivus'
1308 3710 1366 3766 τοῦ
1389 3700 1460 3786 χρό-

126 3836 183 3876 νον
209 3807 359 3890 dependet
381 3827 400 3871 a
423 3810 715 3897 προαναγράψαι.
761 3806 919 3873 Sententia
941 3807 1021 3872 inest
1044 3807 1131 3872 haec:
1162 3808 1280 3886 „visum
1303 3805 1380 3871 mihi
1404 3809 1460 3885 est,

125 3915 186 3980 iam
212 3916 283 3979 ante
311 3912 540 3978 describendam
563 3911 750 3998 (Octaviani)
780 3914 928 3990 aetatem,
958 3933 1018 3996 qua
1045 3914 1128 3996 capti
1156 3913 1240 3992 sunt,
1269 3913 1459 3997 Illyricorum

125 4042 171 4088 res
193 4040 290 4104 usqne
308 4020 351 4085 ad
374 4020 466 4084 finem
490 4019 692 4084 conscribenti
715 4024 884 4085 enarrare.“

231 4126 344 4206 562,6
373 4127 412 4192 οἵ
434 4126 544 4194 πάντα
571 4128 691 4211 ἄμικτα
719 4130 774 4194 καὶ
800 4127 938 4194 ἄπλατα
961 4139 1031 4206 ταῖς
1062 4126 1196 4194 πόλεσιν
1220 4125 1252 4205 ἐς
1280 4125 1460 4215 ἀλλήλους

127 4231 274 4308 ἐποίουν,
299 4230 373 4298 Stfc.
397 4233 550 4324 ἀλλήλας,
574 4233 650 4300 Μῐε.
1426 4228 1428 4234 λ

235 4339 311 4417 469,
330 4339 371 4404 13
396 4341 433 4407 αἱ
455 4346 566 4429 Θῆβαι
579 4392 585 4405 .
598 4391 625 4405 ..
651 4340 830 4425 ἐλίμενοιί

233 4445 307 4523 167,
318 4446 360 4509 25
377 4447 396 4535 ή
414 4447 449 4513 δέ
459 4447 562 4526 πόλις,
573 4447 833 4537 ἀπαγγελθείσης
842 4456 897 4536 τῆς
907 4457 1087 4536 συμφοράς,
1104 4449 1143 4515 οἳ
1152 4447 1231 4533 μέν.
1246 4500 1253 4513 .
1266 4500 1272 4512 .
1284 4445 1459 4536 ἐθρήνουν.

234 4586 257 4659 1)
275 4584 307 4641 cf.
326 4584 358 4640 de
376 4585 450 4656 grad.
469 4603 552 4660 comp.
