3156 5086
610 316 831 381 ..61-

169 510 311 575 Primum
326 509 423 595 igitur
438 492 516 575 solet
530 507 568 576 Α.
585 529 794 594 nonnusquam
811 533 905 578 unam
928 512 1082 578 notionem
1098 514 1265 599 exprimere
1280 516 1398 583 duobus

61 621 110 683 vel
127 619 266 702 pluribus
282 618 392 693 verbis,
415 615 569 699 imprimis
592 616 647 692 ita,
671 618 707 681 ut
731 618 791 683 duo
806 617 998 684 substantiva
1012 622 1114 700 ponat,
1137 621 1192 685 nbi
1207 641 1261 688 nos
1278 601 1397 708 exspee·

61 727 165 790 temus
187 724 411 790 substantivum
435 743 504 788 eum
528 723 676 789 adieetivo
699 726 754 789 aut
776 745 847 789 eum
869 724 1009 810 genetivo
1033 727 1237 794 coniunctum.

172 830 300 911 Qualem
323 831 455 914 figuram
478 828 532 914 (ἕν
555 834 574 896 δ
581 830 621 895 ιδ
647 833 772 915 δυοῖν)
797 831 939 897 exhibent
959 832 1034 898 looi:

174 939 307 1017 180,18
332 938 393 1003 οὐν
416 936 492 1022 ὀργῇ
516 941 572 1004 καὶ
592 942 663 1021 βοῇ,
686 937 724 1003 cf.
743 940 817 1016 802,
835 939 866 1005 5.

175 1046 247 1123 141,
264 1046 304 1108 27
331 1044 395 1110 ὑπὸ
419 1045 516 1127 λιμοῦ
538 1046 592 1110 καὶ
615 1046 733 1128 λοιμοῦ
756 1048 810 1113 καὶ
833 1044 934 1136 κόμης
957 1049 1012 1113 καὶ
1034 1047 1163 1132 χρόνον.

176 1153 249 1230 184,
265 1150 305 1216 21
332 1151 371 1218 τά
396 1151 423 1217 δ’
448 1149 537 1227 ε’ντός
561 1149 818 1239 ε’ξετετάῳρεοτο
842 1156 897 1220 καὶ
920 1156 1095 1243 διείληπτο.

176 1259 265 1335 11,2
289 1257 323 1323 δι’
337 1257 521 1342 ἐν’βονλίαν
543 1261 599 1324 καὶ
621 1256 745 1344 χρόνον,
770 1257 867 1325 861111.
892 1259 942 1325 Ni.
967 1259 1042 1326 Mf.

175 1365 249 1442 301,
267 1366 309 1430 23
332 1364 436 1451 χρόνῳ
460 1366 516 1432 καὶ
536 1365 664 1449 μελέτῃ,
687 1365 726 1430 61.
751 1366 895 1444 408,14.

176 1474 287 1553 161,8
311 1475 465 1555 πολέμοις
488 1474 543 1538 καὶ
566 1471 739 1556 εότνχίαις,
763 1471 892 1538 Sohwfo.

162 1581 251 1672 414,
269 1581 311 1643 26
334 1579 449 1646 σόν...
475 1579 546 1670 λείῳ
569 1579 739 1666 βαρυτάτῳ
762 1582 817 1645 καὶ
841 1588 966 1668 στρατῷ
990 1580 1171 1668 καταγόμῳ,
1197 1579 1401 1657 861111.111”6.;

69 1689 182 1768 39111
208 1707 268 1752 non
291 1685 373 1752 valet
396 1684 435 1750 ad
459 1684 654 1750 mutandum.

177 1792 310 1871 57615
335 1791 476 1870 δεδιότος
500 1789 612 1858 τεκαὶ
636 1789 826 1876 πάσχοντος,
848 1791 921 1858 Mfe.
943 1789 1145 1878 δεδρακότος,
1169 1794 1250 1877 quod
1273 1794 1299 1859 si
1321 1795 1404 1879 lege-

68 1920 186 1975 remus,
217 1899 441 1977 dubitaremus,
465 1897 619 1979 quodnam
643 1896 755 1975 πάθος
778 1897 1017 1984 intellegendum
1045 1901 1137 1976 esset,
1164 1901 1278 1979 πάθος
1301 1907 1403 1966 autem

69 2009 117 2072 est
141 2007 176 2073 οδ
201 2011 282 2086 δέος,
304 2005 343 2072 ef.
368 2025 396 2072 r.
416 2006 434 2070 7
457 2006 489 2070 et
505 2006 535 2069 8.
552 2003 680 2071 Sehwfr.
705 2004 886 2090 πάσχοντος
914 2005 1066 2089 ,perieula
1089 2007 1163 2072 haee
1183 2008 1370 2074 subeuntis“
1383 2009 1405 2093 ¹)

179 2114 289 2192 580,8
314 2112 436 2200 δρόμον
457 2113 515 2178 καί
538 2112 654 2200 φυγήν.
702 2112 814 2190 606,3
837 2112 941 2200 χρόνῳ
964 2118 1020 2178 καὶ
1043 2116 1132 2202 λιμῷ.

179 2221 253 2297 620,
271 2221 291 2284 3
314 2219 614 2310 παρρησιαζόμενόν
637 2243 672 2285 τε
694 2222 750 2285 καὶ
772 2219 916 2305 λέγοντα.
1140 2243 1143 2249 ·

180 2327 314 2404 679,13
336 2327 405 2410 μετ’
429 2325 522 2392 ἕλεόν
546 2328 601 2392 καὶ
623 2324 760 2416 μνήμης.

181 2433 254 2511 715,
271 2434 310 2497 21
337 2434 428 2522 πόνῳ
451 2435 506 2499 καὶ
528 2430 642 2520 χρόνῳ.
690 2433 765 2512 802,
781 2433 823 2495 22
848 2431 910 2499 σόν
934 2430 1026 2519 φόβῳ
1049 2437 1105 2499 καὶ
1128 2431 1244 2520 δρόμῳ.

183 2539 336 2619 1098,18
361 2540 397 2606 ἐν
419 2542 499 2628 ὄψει
522 2539 635 2629 οἰκτρᾷ
658 2541 713 2605 καὶ
737 2539 826 2633 τ’ξείῳ
848 2540 1022 2623 μεταβολῇ,

184 2647 333 2724 1161,11
360 2646 397 2713 ἐν
417 2649 551 2733 πολέμῳ
573 2648 629 2712 καὶ
650 2643 814 2734 θαλάσσῃ,
839 2645 936 2712 861111.
961 2645 1036 2711 Μ16.

187 2756 278 2832 1178,
297 2755 317 2818 9
342 2753 378 2820 ἕν
400 2755 524 2846 ἔσπέρῳ
547 2753 605 2818 καί
626 2751 729 2840 κόπῳ.

185 2860 257 2937 160,
274 2862 316 2924 22
339 2860 444 2948 χρόνῳ
468 2884 503 2926 τε
525 2862 580 2927 καὶ
603 2866 794 2945 στρατείαις.

185 2968 293 3043 747,8
318 2970 411 3053 χωρὶς
435 2966 547 3044 αἰδοῦς
569 2969 625 3032 καὶ
647 2967 922 3052 παραγγέλματος,
945 2963 1019 3028 Mf0.

184 3072 300 3136 Deinde
322 3072 403 3154 quod
427 3071 538 3136 attinet
561 3071 605 3136 ad
627 3070 770 3154 poetice
792 3071 907 3149 dieta,
931 3069 964 3134 in
987 3069 1066 3134 hane
1081 3090 1145 3135 rem
1162 3071 1335 3137 aoeuratius
1350 3090 1409 3134 non

77 3178 220 3262 inquisivi
243 3197 338 3261 neque
361 3179 474 3257 tamen,
497 3195 575 3259 qnae
597 3177 721 3259 quidem
744 3177 820 3242 mihi
845 3177 1063 3255 annotaverim,
1089 3177 1195 3242 dubito
1218 3178 1277 3242 hue
1293 3177 1409 3242 afferre.

78 3285 204 3351 Constat
219 3284 325 3370 igitur,
345 3284 519 3369 Appianum
534 3285 664 3349 libenter
679 3284 727 3349 uti
741 3285 944 3349 locutionibus
952 3283 1088 3365 poeticis,
1104 3284 1257 3368 imprimis
1267 3284 1411 3365 antiquae

78 3394 109 3456 et
132 3392 233 3475 epieae
256 3390 399 3458 dictionis
409 3392 451 3475 ²);
473 3392 669 3456 oeeumerunt
691 3392 795 3456 antem
819 3389 896 3457 mibi
918 3410 989 3455 enm
1013 3390 1166 3455 aliatum
1189 3390 1279 3456 haee:

187 3499 276 3576 62,4
299 3501 518 3580 περίκλυστος.
544 3498 658 3574 62,18
681 3499 903 3582 πολυώνυμος.
934 3498 986 3577 02,
1004 3498 1033 3575 7,
1052 3497 1089 3561 11
1116 3498 1204 3584 (173,
1221 3499 1251 3566 6.
1278 3496 1410 3577 199,10

79 3606 150 3681 cet.)
167 3607 314 3690 πέλαγος.
339 3604 450 3681 92,19
474 3604 667 3692 άριπρεπής.
695 3607 768 3682 160,
785 3605 815 3669 4.
842 3604 915 3683 175,
935 3609 953 3670 7
970 3604 1159 3690 όδόρεσθαι.
1185 3605 1258 3682 160,
1275 3606 1295 3668 8
1312 3609 1412 3692 δῃοῦν

81 3712 133 3794 (ε
147 3709 288 3793 vastare).
314 3710 388 3789 166,
406 3710 449 3773 24
464 3711 620 3796 άοίδιμος.
649 3714 721 3789 177,
739 3710 780 3774 16
796 3712 971 3800 παμμιγής.
997 3713 1071 3789 178,
1089 3713 1109 3776 5
1126 3714 1272 3804 άληκτος.
1301 3712 1375 3790 567,
1392 3713 1412 3774 3

80 3819 204 3909 νηλεής.
230 3818 368 3896 232,12.
393 3818 468 3896 258,
486 3818 506 3882 5
522 3818 729 3902 περιώδυνος.
755 3819 829 3896 236,
851 3821 891 3884 10
906 3828 1041 3899 νέμεσις.
1065 3819 1193 3897 241,12
1210 3817 1413 3903 περιιόνομος

82 3926 113 3988 et
135 3923 426 4012 θαλασσοκράτωρ.
474 3925 548 4001 236,
566 3924 609 3988 26
632 3926 782 4003 εὔελπις.
804 3927 834 4005 9,
857 3927 905 3991 14.
931 3925 1070 4006 300,13
1094 3927 1112 3989 ό
1135 3924 1215 4002 θεός
1238 3943 1292 4006 pro
1314 3926 1412 4013 ἥλιος.

83 4034 194 4111 319,6
218 4032 313 4110 πόλις
336 4031 521 4121 άνθήσασα.
548 4032 621 4110 163,
640 4034 682 4097 22
706 4034 744 4099 αἱ
764 4032 933 4118 σάλπιγγες
956 4033 1081 4122 ἤχησαν
1104 4029 1217 4115 (Schts.
1240 4031 1413 4114 6611616110.)

83 4144 139 4206 ete.
163 4142 221 4204 ete.

192 4317 214 4385 ¹)
233 4317 357 4370 Cetemm
382 4314 462 4369 rerba
485 4315 551 4386 ὑπὲρ
573 4315 668 4399 αὐτῶν
682 4313 856 4383 suspicionem
880 4311 947 4366 mihi
972 4316 1079 4368 movent
1103 4315 1209 4382 propter
1234 4311 1417 4367 antecedentia

83 4408 150 4479 ὑπὲρ
168 4429 195 4461 τε
215 4406 285 4471 σφῶν
303 4404 387 4460 αὐτῶν
405 4408 448 4458 καὶ
465 4403 530 4477 ὑπὲρ
553 4403 648 4468 αὐτοῦς
670 4417 830 4472 quamquam
848 4400 965 4456 eiciendo
983 4419 1014 4456 ea
1035 4418 1091 4456 esse
1113 4419 1160 4472 pro
1178 4405 1249 4457 certa
1271 4419 1324 4456 non
1346 4402 1417 4457 affir-

84 4511 219 4652 wem&
233 4581 266 4636 ei.
285 4581 370 4636 Krebs
388 4597 414 4652 p.
435 4582 469 4635 19
486 4580 546 4637 adra
565 4584 594 4636 et
611 4581 672 4637 sm.
691 4581 725 4636 sd
744 4579 804 4644 163,
824 4579 867 4634 22.
