3156 5086
675 297 896 360 ..11-

117 490 158 556 cf.
183 489 264 568 532,
281 491 313 557 8.
338 491 438 569 1010,
456 492 497 557 22
527 489 674 574 (Schwrv.
710 494 863 570 ,mentem
886 491 1085 574 reipublicae,
1117 492 1291 555 amantem‘
1324 491 1451 581 γνώμην

117 600 352 688 δημοκρατικῆς
375 600 531 683 διανοίας)
556 599 635 677 429,
653 601 683 664 5.
709 600 856 676 829,12.
881 599 1019 676 254,15
1044 597 1156 674 645,6
1181 596 1267 680 (Min.
1296 598 1327 661 iu
1352 596 1440 682 πρίσ

116 729 205 794 χημα
215 705 458 793 τηςπαιριδσς).
484 704 696 786 Comparando
706 705 836 787 denique
852 706 932 769 iuter
947 725 979 771 se
995 704 1134 769 servandi
1149 703 1288 770 suntloci
1299 704 1394 779 1072,
1408 705 1449 766 24

117 810 284 898 (receptio
300 813 338 902 δὴ
355 812 506 896 γυναικός
531 838 559 878 τι
582 818 742 878 παθοῦσα
757 811 852 877 Mufe.
877 823 1061 897 γυναικεῖον
1076 836 1115 886 τι,
1138 808 1269 874 Schwrv.
1291 809 1450 889 „muliebri

117 916 250 997 quodam
273 917 395 984 adiectu
417 920 602 996 commota“,
625 920 663 984 ci.
692 919 786 996 1109,
805 920 837 1000 5)
861 919 892 984 et
909 918 1019 996 648,2
1044 926 1102 984 κατ’
1120 944 1177 999 μοι
1200 921 1295 984 δοκεῖ
1314 920 1387 982 τάδε
1411 915 1451 980 οδ

117 1033 299 1113 στρατηγοῦ
322 1030 450 1091 παθεῖν
473 1026 490 1090 ὁ
514 1032 668 1102 Σκιπίων,
692 1024 766 1090 Mrs.
791 1026 896 1090 contra
918 1024 1140 1109 Musgravium.

225 1129 285 1195 Sed
310 1131 574 1213 frequentissimus
602 1131 757 1213 idemque,
781 1133 816 1196 ut
839 1131 972 1209 videtur,
1001 1131 1100 1195 adhuc
1127 1129 1254 1194 minime
1276 1130 1452 1194 observatus

117 1238 165 1302 cst
186 1237 347 1322 genetivus
369 1238 582 1316 obiectivus,
606 1258 665 1320 qno
688 1238 733 1302 ita
755 1239 909 1303 luculente
932 1257 1004 1302 usus
1019 1237 1065 1302 est
1080 1237 1128 1311 A,
1152 1238 1196 1312 ut,
1216 1236 1242 1301 si
1258 1235 1451 1300 uniuscuius-

117 1362 177 1424 que
204 1342 262 1408 loci
290 1346 476 1409 structuram
506 1345 705 1420 solvnromun,
735 1347 854 1426 praeter
882 1364 1000 1408 rnernm
1024 1343 1232 1409 accusativum
1260 1343 1291 1406 et
1313 1341 1451 1406 dativum

118 1468 223 1515 omnes
246 1449 308 1515 iere
331 1451 577 1533 praepositiones,
602 1471 679 1534 qnae
702 1452 826 1534 quidem
849 1471 919 1516 cum
935 1450 1137 1516 substantivis
1161 1447 1304 1531 coniungi
1327 1448 1451 1524 soleant,

117 1555 206 1622 nobis
231 1558 331 1622 essent
353 1559 522 1640 ponendae;
547 1578 623 1640 quas
646 1557 783 1623 homines
806 1557 886 1622 docti
914 1577 1017 1623 revera
1045 1557 1127 1621 hand
1155 1555 1259 1638 paucis
1281 1555 1354 1619 locis
1377 1553 1453 1619 falso

119 1681 179 1727 non
203 1662 303 1729 solum
327 1663 573 1729 desideraverunt
596 1665 647 1729 sed
671 1664 764 1728 etiam
789 1662 1081 1737 restituerunt310ci
1104 1664 1207 1727 autem
1231 1663 1303 1726 sunt
1325 1661 1370 1724 hi:

230 1770 362 1849 157,16
386 1770 490 1862 μάχης
514 1769 572 1838 ἕνα
600 1772 721 1858 καιρόν.
771 1770 902 1847 197,12
931 1773 1158 1860 Καρχηδονίων
1185 1767 1287 1852 ἔχθει.
1334 1768 1408 1842 267,
1433 1767 1452 1827 8

116 1874 221 1957 μίσος
237 1884 405 1962 πρέσβεων
420 1877 562 1944 Schnfm.
580 1878 611 1942 in
627 1905 659 1960 μ.
677 1878 760 1943 κατα
778 1884 953 1963 πρέσβεων,
975 1875 1049 1940 Mrs.
1072 1874 1192 1941 collatis
1207 1875 1263 1939 Kr.
1281 1875 1298 1956 ἕ
1315 1874 1368 1948 47,
1387 1872 1415 1948 7,
1433 1873 1453 1935 3

117 1981 237 2048 011000
262 1982 382 2062 148,1,
405 1985 458 2048 ubi
482 1985 656 2075 στρατηγὸς
667 1985 800 2073 Ἰβήρων
820 1983 953 2067 legimus
975 2001 1029 2066 pro
1052 2006 1118 2067 στρ.
1143 1982 1210 2046 καί
1228 1979 1370 2068 Ἰβήρων,
1394 1997 1454 2059 qua

118 2085 269 2171 Stephani
292 2090 463 2156 coniectura
486 2090 648 2174 repudiata
670 2090 746 2155 Mrs.
769 2091 861 2155 verba
883 2088 1001 2154 tradita
1024 2088 1134 2154 collato
1149 2088 1204 2152 Kr.
1230 2087 1248 2170 5
1269 2085 1321 2163 47,
1340 2086 1369 2161 7,
1387 2085 1407 2148 3
1424 2085 1454 2147 et

118 2193 185 2258 1000
213 2195 370 2278 Appianeo
398 2197 515 2274 311,9
546 2196 765 2282 (ἐπιτείχισμα
794 2209 853 2263 τοῦ
881 2195 1021 2280 λιμένος)
1047 2194 1130 2259 Nifd.
1151 2193 1291 2282 Ἰβήρων.
1338 2190 1453 2255 Eodem

118 2300 253 2383 pertinet
275 2301 360 2368 locus
384 2303 463 2381 887,
482 2306 501 2367 2
525 2303 571 2386 (ές
595 2303 799 2389 ἐπιτείχισμα
823 2314 877 2391 τῆς
901 2307 1077 2387 πατρίδος).

228 2408 437 2486 1001110683,
455 2412 496 2474 27
522 2411 590 2499 (τῆς
614 2420 677 2478 τῶν
699 2413 864 2493 πολεμίων
886 2411 994 2499 ἥττης)
1018 2408 1093 2471 Mrs.
1111 2406 1222 2472 collato
1244 2404 1308 2470 1000
1332 2404 1453 2479 259,1,
1574 2436 1576 2443 ·

121 2511 176 2577 nbi
199 2523 244 2601 τῷ
267 2517 514 2582 Μασσανάσσου
539 2526 717 2602 πταίσμασι
741 2535 771 2580 rs
799 2517 903 2582 contra
926 2514 1095 2598 Musgravii
1118 2512 1326 2578 coniecturam
1351 2521 1394 2597 τῷ
1418 2511 1453 2574 ἐκ

124 2629 169 2687 M.
197 2629 384 2707 πταίσματι.

231 2728 307 2807 470,
325 2732 345 2791 4
369 2731 449 2819 ἴλην
467 2735 521 2819 τῆς
536 2729 744 2821 ἇκαδημείας,
769 2729 838 2795 Rfc.
863 2731 944 2818 ὕλην
968 2727 1011 2793 ἐκ
1028 2756 1054 2794 τ.
1072 2728 1124 2792 τίκ.
1142 2727 1216 2806 322,
1233 2726 1262 2792 3,
1287 2729 1318 2802 ἐς
1337 2725 1371 2790 τὸ
1384 2725 1452 2789 Ῥω-

122 2841 228 2915 μαίων
250 2844 427 2923 συμφέρον.
463 2837 595 2917 870,11
621 2847 681 2903 σοῦ
706 2847 768 2902 τῶν
791 2835 1026 2923 συμφερόντων
1054 2832 1158 2900 ἕνεκα.
1191 2832 1266 2909 567,
1284 2832 1326 2895 23
1349 2838 1455 2896 κακῶν
1515 2823 1521 2832 ’

122 2939 291 3019 ἀντίδοσις,
315 2941 443 3007 Sohwfo.
677 2939 685 2957 ⁹

232 3048 364 3125 854,12
388 3060 442 3141 τῆς
458 3053 577 3139 βουλῆς
593 3050 700 3128 αι’διδς.
726 3049 860 3126 63518
884 3049 981 3128 αἰδώς
997 3074 1032 3116 τε
1048 3056 1146 3114 θεῶν.
1171 3045 1245 3121 624,
1264 3045 1293 3109 7.
1323 3042 1455 3118 οὐδενὸς

124 3152 172 3219 674
194 3150 232 3230 ἐξ
249 3154 330 3220 αἰδῶ
354 3167 420 3234 τοῖς
442 3162 640 3240 βιαζομένοις
656 3156 808 3242 ἐμποδών
824 3157 915 3234 ὄντος
930 3160 951 3246 ἢ
967 3156 1074 3240 νόμων
1089 3158 1109 3241 ἢ
1126 3156 1290 3229 πολιτείας
1305 3154 1326 3238 ἢ
1343 3156 1454 3233 πατρί-

126 3263 186 3338 δος,
211 3259 346 3327 Schvva.-
361 3264 410 3342 ,et
433 3264 509 3329 nihil
533 3284 627 3355 porro,
654 3284 710 3329 non
734 3263 839 3347 pudor,
863 3282 922 3328 non
946 3263 1002 3342 fas,
1027 3281 1085 3327 non
1100 3259 1284 3343 reipublicae
1304 3254 1456 3341 patriaeve

127 3385 219 3444 amor,
244 3367 381 3434 homines
404 3370 551 3436 violentos
573 3371 726 3437 cohiberet
750 3369 951 3445 afacinore“;
976 3368 1155 3433 vertendum
1177 3365 1278 3449 potius
1301 3366 1348 3428 est
1369 3382 1453 3440 ,cum

128 3472 203 3538 nihil
218 3492 268 3539 cos
282 3475 454 3559 impediret,
471 3478 550 3559 quod
567 3478 732 3562 pertineret
748 3478 786 3542 ad
802 3477 948 3558 pudorem
962 3475 1075 3558 legum,
1094 3473 1287 3554 reipublicae,
1303 3469 1455 3552 patriae“;

128 3580 194 3660 post
218 3580 266 3646 ἔτι
289 3582 491 3666 supplendum
514 3585 562 3648 est
584 3595 656 3652 τῶν.
665 3584 688 3668 ¹)

235 3687 310 3766 433,
329 3692 348 3753 6
372 3690 432 3778 τὴν
453 3692 616 3775 ὑμετέραν
638 3703 697 3758 τοῦ
720 3694 893 3775 μέλλοντος
917 3690 1121 3774 α’μεριμνίαν.

236 3795 309 3874 287,
327 3799 369 3861 22
393 3797 501 3889 φόβον
517 3797 777 3883 ἐμπεσουμένων.
801 3796 1007 3877 (Obiectivum
1023 3792 1198 3880 genetivum
1220 3810 1286 3855 non
1310 3789 1457 3853 habemus

131 3899 203 3979 449,
221 3901 263 3965 22
294 3904 346 3969 ubi
376 3914 516 3990 γείτονος
546 3904 731 3970 adiectivum
760 3924 824 3969 esse
855 3903 982 3987 apparet
1008 3922 1024 3966 e
1047 3900 1120 3966 iocis
1143 3898 1217 3976 249,
1235 3895 1288 3961 22.
1313 3895 1388 3969 358,
1405 3896 1456 3960 22.

131 4006 204 4082 375,
220 4009 250 4074 9.
276 4011 351 4088 957,
368 4013 420 4077 25.
447 4013 541 4090 1175,
560 4013 610 4091 13,
634 4011 858 4078 substantivam
881 4013 927 4076 est
943 4010 1017 4086 942,
1034 4009 1087 4073 20.
1112 4006 1185 4089 853,
1204 4006 1232 4071 1.
1257 4005 1331 4080 242,
1350 4004 1367 4066 7
1385 4004 1456 4092 eet.)

215 4114 347 4192 ·545,3
370 4128 452 4203 μέγα
476 4117 678 4208 δικαιοσύνης
708 4122 763 4184 καὶ
792 4126 927 4194 πίστεως
951 4119 1058 4192 κλέος,
1089 4112 1161 4178 Μ10.
1185 4121 1266 4196 μέγα
1298 4114 1356 4174 δικ.
1381 4117 1458 4193 πέρι

132 4219 187 4284 καί
208 4248 244 4299 π.
268 4224 316 4287 ut.

237 4328 348 4408 339,3
372 4330 447 4408 τούς
475 4333 594 4416 ἑτέρων
622 4331 814 4419 φεύγοντας,
842 4330 907 4396 ch.
932 4330 1107 4413 ἑτέρωθεν,
1135 4323 1207 4390 Mfe.
1232 4327 1303 4411 παρ’
1325 4324 1457 4408 έτέρωνς

133 4471 341 4481 *—

238 4540 260 4609 1)
296 4538 329 4596 cf.
348 4541 380 4595 rie
399 4541 507 4596 articulo
526 4544 554 4596 ot
571 4543 603 4597 dc
622 4542 680 4597 coll.
700 4541 771 4597 verb.
790 4543 818 4595 et
836 4540 897 4593 Kar
916 4546 929 4603 ζ
948 4538 970 4595 1.
990 4538 1032 4602 33,
1053 4541 1076 4591 1.
