3156 5086
639 303 855 368 ..57-

185 491 251 559 Νοο
269 495 366 579 magis
383 495 524 561 mutendi
544 495 698 576 scutinei,
723 497 833 580 quibus
849 523 893 576 τε,
920 497 957 562 ab
974 497 1063 562 initio
1079 496 1224 579 positum,
1248 515 1338 561 usum
1356 515 1414 559 non

78 599 253 682 respicienti
281 600 422 667 videatur
449 621 513 667 esse
542 603 726 668 mutandum
755 604 787 667 in
810 605 862 681 δὲ,
887 603 924 668 cf.
952 603 1067 684 172,2
1092 602 1219 688 κάπρον
1243 627 1278 668 τε
1301 603 1415 678 αὐτοῖς

80 704 138 771 ε’πὶ
160 706 265 782 ξύλων
289 707 420 787 ἐπιθείς
444 703 501 799 ἧκε
525 709 639 787 νυκτὸς
663 710 719 776 ἐπὶ
743 711 800 788 τάς
824 711 941 788 πύλας.

189 813 259 891 137,
276 815 318 878 22
336 818 420 881 οὕτω
436 815 497 899 μέν
514 817 531 882 ὃ
548 824 693 884 Σκιπίων
709 819 764 884 ὅδε
780 827 916 906 πρῶτος,
934 818 976 895 ὡς
992 815 1065 900 ἐμοὶ
1081 820 1179 892 δοκεῖ,
1203 822 1416 902 περιετείχισε

79 919 176 984 πόλιν
200 918 239 985 οὗ
264 932 534 1007 φυγομαχοῦσαν.
559 923 617 989 τόν
640 949 675 990 τε
698 925 817 1010 Λόριον
840 924 991 1009 ποταμδν
1002 974 1107 998 ......
1132 925 1240 999 ζεῦξαι
1266 923 1328 1005 μέν
1356 921 1416 986 οὐκ

78 1023 223 1102 ἐδύνατο,
248 1027 322 1094 Mrs.
340 1031 445 1094 contre
461 1028 567 1109 Schm,
591 1030 630 1099 cf.
648 1029 764 1097 Schw.l
779 1053 807 1115 p.
824 1031 897 1097 821.
918 1069 955 1078 -
973 1031 1048 1106 453,
1061 1031 1104 1094 26
1128 1029 1150 1093 οἳ
1167 1029 1246 1112 μὲν.
1260 1080 1286 1093 ..
1306 1027 1416 1115 ἔφερε,

80 1181 167 1198 .....
179 1132 350 1222 ἠκούσατε.
377 1136 401 1200 ἀ
425 1138 540 1203 δὲ....
566 1135 741 1220 ἔβλαπτεν,
771 1137 906 1225 δρῶντες
929 1139 1135 1225 ύπερείδετε.
1162 1138 1275 1224 φιλίαν
1303 1159 1338 1200 τε
1362 1139 1416 1202 καὶ

81 1248 269 1323 συμμαχίαν
291 1243 370 1328 ἡμῖν
393 1242 617 1330 προφέρουσιν
628 1294 738 1310 ......
764 1244 1001 1334 ἀπεκρίνασθε,
1025 1242 1092 1309 Nfc.
1118 1243 1161 1318 δέ,
1186 1243 1243 1307 cet.
1269 1243 1326 1308 cet.

187 1346 318 1412 Omnino
340 1367 411 1412 cum
433 1349 549 1414 multas
571 1350 641 1413 tnm
663 1349 718 1416 has
741 1350 909 1432 particulas
932 1349 1054 1414 videtur
1076 1349 1156 1414 inter
1179 1367 1211 1412 se
1234 1346 1416 1412 confundere

80 1453 129 1532 A„
154 1473 248 1536 qnare
271 1472 308 1517 ne
331 1453 404 1520 locis
427 1454 550 1537 quidem
577 1457 665 1534 1,12
690 1459 721 1522 et
745 1457 840 1536 1171,
858 1459 900 1522 23
924 1459 959 1524 δὲ
983 1475 1053 1521 cum
1077 1456 1121 1523 M.
1145 1454 1329 1519 mutandum
1353 1473 1417 1519 esse

80 1561 113 1624 in
136 1584 171 1626 τε
194 1579 248 1642 pre
271 1561 351 1626 certe
375 1560 602 1629 affirmaverim.

188 1665 274 1732 Locis
298 1669 427 1750 denique
445 1670 519 1746 829,
539 1669 580 1735 10
605 1670 729 1754 (τοιάδε
752 1670 854 1736 εἰπών
870 1671 928 1758 τὴν
944 1669 1090 1759 ἐσθῆτα.
1104 1720 1128 1734 ..
1147 1668 1340 1752 ἀνεσύρατο,
1364 1670 1419 1732 καὶ
1522 1665 1525 1670 ’

80 1770 435 1858 περιζωσάμενος.....
461 1777 497 1842 τὸ
521 1778 670 1861 λέχος...
698 1786 863 1867 περιέστη,
891 1777 1110 1843 κατακύπτων
1139 1799 1173 1840 τε
1197 1772 1229 1853 ές
1253 1773 1334 1840 acics)
1363 1777 1419 1840 καὶ

82 1881 278 1964 ἀνίσχων...
293 1934 319 1947 ..
336 1884 440 1965 ύμνει,
463 1882 537 1948 Mfc.
562 1887 617 1950 καὶ
640 1883 858 1950 κατακύπτων
881 1886 930 1968 γε)
955 1882 1011 1961 77,
1031 1883 1081 1948 16.
1108 1882 1187 1959 560,
1204 1880 1257 1947 24.
1283 1879 1379 1958 1640,
1398 1881 1417 1944 8

84 1986 154 2052 aliis
177 1991 232 2054 καὶ
256 1996 475 2070 exspectamus
499 1988 631 2073 legimus
655 2015 689 2056 τε
714 1989 768 2068 (cf.
793 1989 927 2067 671,17
952 1989 1066 2081 Mrei)

192 2094 275 2159 Haec
299 2094 393 2159 habui
416 2114 493 2176 quae
515 2096 680 2178 proferrem
696 2096 734 2161 de
749 2095 909 2179 particulis
925 2080 980 2162 καὶ
997 2096 1028 2160 et
1043 2095 1078 2160 τέ
1090 2096 1126 2179 2).
1166 2092 1224 2158 Sed
1240 2093 1417 2176 priusquam

81 2218 218 2283 pergam,
234 2200 290 2266 hec
301 2201 476 2285 adiungam,
488 2203 552 2268 leco
563 2203 637 2284 646,
645 2202 733 2267 9-11
747 2204 859 2291 (μῆκος
877 2204 903 2268 δ’
913 2201 1018 2268 αὐτοῦ
1029 2239 1071 2248 -
1082 2221 1122 2267 sc.
1135 2210 1194 2267 τοῦ
1206 2202 1353 2283 πολέμου
1366 2238 1417 2280 -,

82 2306 137 2371 διά
161 2309 255 2374 τετὸ
279 2315 418 2393 μέγεθος
442 2319 506 2376 τῶν
529 2309 640 2395 ἔργων,
664 2310 724 2375 σδν
748 2309 871 2388 ἐπείξει
895 2310 936 2386 ὡς
960 2309 1012 2375 ἐπ’
1037 2308 1179 2394 ἐχθρούς
1201 2307 1303 2384 ἰδίους
1320 2333 1417 2391 ταχυ-

81 2413 211 2490 νόντων,
236 2415 276 2481 ού
298 2415 383 2481 πολύ
409 2417 450 2493 ὥς
475 2415 531 2483 ἐπὶ
554 2419 702 2483 τοσοῖσδε
726 2415 827 2503 ἔργοις
851 2416 991 2500 ἐγένετο)
1021 2413 1120 2479 Schw.
1144 2414 1174 2478 et
1196 2412 1241 2480 M.
1269 2413 1315 2478 ita
1342 2413 1419 2477 mihi

83 2521 179 2587 videri
201 2524 283 2587 recte
306 2521 464 2586 offendisse
488 2522 519 2586 in
542 2547 577 2589 τε
600 2523 631 2587 et
653 2521 685 2585 in
709 2522 811 2610 ἔργοις
834 2524 865 2587 et
888 2522 919 2586 in
943 2521 1097 2606 mynden),
1122 2521 1224 2585 utens
1241 2521 1419 2585 offensiones
1451 2554 1453 2558 ·

84 2627 311 2711 simplicissime
335 2648 474 2694 censeam
498 2628 592 2694 deleri
616 2627 723 2694 deletis
740 2629 838 2694 verbis
861 2627 916 2694 διά
939 2653 980 2715 γε
1004 2628 1047 2695 τὸ
1064 2633 1204 2712 μέγεθος
1228 2636 1291 2693 τῶν
1311 2626 1419 2714 ἔργων,

84 2755 163 2817 quae
185 2736 285 2801 neseio
307 2755 346 2800 an
370 2736 524 2818 adscripta
538 2735 653 2802 fuerint
669 2737 723 2800 eut
739 2735 777 2800 ad
794 2735 1022 2818 interpretenda
1038 2735 1128 2800 verba
1144 2733 1185 2812 ὡς
1201 2733 1257 2801 ἐπὶ
1272 2738 1419 2800 τοσοῖσδε

86 2843 191 2928 ἔργοις
215 2844 269 2907 eui
291 2863 345 2925 pre
369 2843 454 2910 varia
476 2844 586 2909 horum
610 2843 746 2908 lectione.

193 2949 385 3013 Particula
406 2951 428 3038 ἥ
451 2949 669 3034 disiunctive³)
700 2968 753 3031 pro
776 2952 831 3016 καὶ
854 2948 967 3032 legitur
990 2966 1050 3012 non
1074 2948 1173 3012 selum
1197 2948 1229 3011 in
1252 2945 1419 3012 enuntiatis

86 3056 238 3140 negaiivis
262 3055 354 3136 (541,
377 3057 414 3121 10
439 3055 559 3141 me.⁴)
586 3055 686 3134 1050,
705 3056 746 3120 15
770 3055 875 3132 Mfm„
899 3055 937 3119 cf.
963 3055 1041 3135 624,
1059 3055 1088 3121 7.
1113 3054 1192 3131 482,
1210 3054 1240 3119 2.
1271 3054 1349 3132 398,
1369 3053 1418 3118 17.

87 3165 161 3241 823,
181 3164 231 3228 19.
257 3163 335 3241 855,
353 3164 405 3230 27.
433 3162 528 3241 1055,
547 3166 594 3248 2),
619 3163 671 3228 sed
696 3161 789 3227 etiam
813 3160 887 3225 alibi
910 3161 1045 3244 saepius,
1068 3160 1106 3227 cf.
1132 3161 1189 3238 25,
1205 3161 1247 3224 23
1271 3163 1326 3226 καὶ
1350 3170 1420 3236 ταῖς

86 3277 298 3362 δημοκοπίαις
321 3271 534 3355 ἐπαιρόμενος
558 3270 753 3353 ἐβούλευσεν
775 3269 837 3357 η”δη
861 3278 963 3354 χρεῶν
987 3268 1161 3345 ἀποκοπὰς
1184 3267 1302 3344 κοινάς,
1326 3266 1421 3355 ἢτδν

87 3384 189 3468 δῆμον
212 3377 302 3467 ἠξίου
321 3389 387 3454 τοῖς
404 3383 589 3444 δανείσασιν
611 3376 806 3443 ἀποδοῦναι.
833 3376 906 3455 635,
924 3376 967 3439 23
991 3375 1023 3452 ές
1039 3375 1134 3464 ὄψεις
1149 3379 1322 3456 ἐτρέποντο
1339 3373 1418 3438 ἀθε-

87 3494 229 3567 μίστους,
253 3483 434 3563 κτιννύντες
458 3510 493 3551 τε
516 3484 661 3574 ἀνηλεῶς
688 3487 744 3551 καὶ
771 3492 1018 3570 περιτέμνοντες
1041 3481 1181 3566 αὐχένας
1208 3483 1333 3565 ἀνδρῶν
1360 3479 1420 3567 ἤδη

92 3590 295 3668 τεθνεώτων,
324 3594 379 3659 καὶ
409 3597 623 3678 προτιθέντες
653 3591 709 3668 τοὶς
739 3589 913 3676 συμφοράς
936 3589 968 3666 ἐς
1001 3588 1107 3676 φόβον
1134 3590 1155 3677 ἢ
1178 3585 1420 3675 κατάπληξινῆ

90 3707 174 3765 θέαν
204 3698 401 3782 ἀθέμιστον,
432 3697 531 3766 Sehfe.
556 3701 620 3766 καὶ.
646 3696 778 3776 974,12
802 3702 928 3772 Σίττιος
958 3695 1019 3779 μὲν
1049 3696 1087 3782 δὴ
1118 3703 1244 3779 πρῶτος
1274 3696 1295 3782 η’
1322 3691 1422 3775 μόνος

89 3807 214 3890 ἀνδρῶν
237 3808 330 3871 ὅδε..
356 3805 587 3893 ἐφυγαδεύετο,
611 3805 699 3872 vae.
724 3808 788 3871 καὶ.
831 3804 986 3881 106615
1011 3803 1096 3870 οἵτε
1118 3811 1186 3868 νέοι
1205 3805 1260 3868 καὶ
1275 3809 1421 3885 γέροντες

89 3918 109 4001 ἢ
134 3917 169 3978 οἱ
191 3925 349 3998 γυναῖκες,
372 3912 488 3978 Schwv.
518 3911 775 3995 „mulieresque“;
800 3911 905 3993 quales
927 3909 986 3975 leci
1009 3909 1114 3973 exient
1137 3909 1188 3985 19,
1212 3926 1228 3971 e
1251 3907 1362 3991 quibus
1379 3907 1419 3969 10

90 4020 182 4084 Maio.
203 4058 239 4065 -
261 4017 404 4083 Ceterum
428 4020 501 4096 567,
519 4021 571 4094 26,
596 4019 647 4084 nbi
664 4018 796 4103 legimus
820 4028 975 4085 τοσοῦτον
997 4012 1038 4109 ἦν
1060 4017 1125 4104 ἀρα
1150 4028 1216 4093 τοῖς
1241 4015 1358 4101 δρῶσιν
1374 4013 1422 4080 ἔτι

90 4137 145 4215 τῆς
169 4127 269 4217 ἀρχῆς
293 4126 399 4192 αύτοῦ
421 4131 501 4203 δέος,
524 4129 547 4214 η’
564 4138 619 4216 τῆς
635 4127 829 4202 ἀποθέσεως
847 4124 1053 4215 κατάπληξις,
1077 4127 1178 4213 ἢτών
1193 4122 1347 4188 εὐθυνῶν
1367 4133 1421 4210 τῆς

199 4304 219 4372 1)
239 4302 271 4355 ef.
290 4302 323 4355 Κ.
342 4300 380 4355 11.
400 4317 425 4369 p.
447 4302 506 4364 787,
526 4302 551 4356 3.
588 4301 701 4357 Keeiker
719 4317 745 4370 p.
765 4299 826 4354 286.

196 4393 222 4462 2)
242 4391 274 4446 cf.
293 4391 325 4445 de
343 4390 403 4445 cell.
421 4389 492 4446 verb.

197 4480 439 4550 ἣάἢξω

197 4570 223 4640 4)
242 4570 275 4624 ο1.
294 4568 403 4640 deneg.
