3156 5086
226 1279 293 1344 Non
316 1278 383 1342 tam
407 1276 443 1341 de
466 1276 658 1340 observata
680 1276 727 1339 vel
743 1275 967 1342 observanda
990 1276 1140 1357 quamde
1164 1278 1340 1355 servanda
1356 1278 1451 1359 Appi-

120 1388 169 1451 ani
193 1385 360 1450 elocutione
376 1403 469 1467 agam
484 1384 538 1447 hoc
554 1384 669 1461 libello;
693 1403 762 1447 nam
779 1403 848 1447 curn
864 1384 966 1447 totum
980 1382 1156 1466 Appianum
1171 1383 1287 1449 ratione
1302 1387 1333 1448 et
1352 1403 1452 1467 gram-

119 1493 236 1557 matica
265 1494 296 1557 ct
321 1491 429 1556 critica
458 1492 690 1573 pertractarem,
718 1491 813 1554 moles
840 1490 989 1571 quaedam
1017 1490 1094 1554 mibi
1121 1491 1189 1555 orta
1215 1491 1261 1556 est
1288 1492 1453 1555 observati-

119 1619 222 1664 onum*
237 1619 296 1665 non
318 1600 386 1663 tam
408 1598 447 1662 ad
470 1597 606 1680 Appiani
628 1597 844 1679 proprietatem
868 1596 987 1661 dicendi
1002 1596 1223 1678 pertinentium
1243 1616 1334 1679 quam
1355 1598 1454 1678 ipsam

120 1705 208 1771 illam
230 1704 448 1789 proprietatem
472 1704 510 1768 ab
534 1703 692 1768 hominum
715 1702 871 1769 doctorum
896 1702 1076 1767 coniecturis
1107 1702 1334 1767 defendentium
1357 1705 1455 1780 tanta,

120 1813 156 1876 ut
180 1813 256 1876 mihi
278 1811 505 1895 persuaderem,
534 1809 679 1891 exemplis
707 1810 809 1874 allatis
837 1829 895 1873 non
918 1810 983 1874 sine
1005 1809 1107 1873 fructu
1130 1828 1218 1890 posse
1242 1809 1454 1886 demonstrari,

121 1919 272 2001 quantum
300 1918 417 1984 valeret
446 1916 485 1982 ad
515 1915 674 1982 evitandas
704 1936 797 1982 vanas
827 1916 1017 1981 coniecturas
1050 1916 1206 1996 scriptoris
1237 1935 1309 1980 usus
1337 1915 1455 1980 dicendi

121 2026 261 2091 accurate
284 2024 472 2090 observatus,

228 2130 335 2213 Neque
356 2132 460 2196 tamen
482 2129 514 2194 id
529 2129 750 2214 neglegendum
774 2147 838 2193 esse
860 2128 977 2210 putavi,
1002 2129 1038 2192 ut
1054 2147 1089 2192 ex
1112 2148 1170 2192 usu
1194 2129 1333 2194 accurate
1355 2130 1456 2194 obser-

122 2240 192 2302 vato
223 2236 340 2320 aliquid
363 2238 444 2302 certe
473 2236 659 2302 redundaret
693 2236 731 2300 ad
764 2236 1010 2301 constituendum
1041 2237 1243 2318 posteriorum
1275 2237 1482 2320 scriptorum

123 2345 308 2410 Graecorum
329 2363 421 2408 usum
443 2342 662 2408 universum.
710 2342 805 2407 Caius
827 2341 959 2407 aedificii
982 2341 1180 2406 fundamenta
1203 2345 1239 2407 ut
1261 2343 1311 2406 his
1334 2343 1456 2407 demum

123 2450 231 2516 diebus
260 2450 426 2532 ponuntur,
453 2449 500 2514 ita
526 2449 565 2513 de
588 2447 721 2531 Appiani
752 2448 917 2514 elocutione
946 2467 1098 2531 perpauca
1125 2449 1245 2513 constat
1272 2449 1370 2514 adhuc
1393 2468 1458 2513 esse

123 2556 333 2622 animadversa
348 2554 398 2637 (cf.
414 2554 483 2622 Sch.
500 2575 530 2637 p.
549 2554 641 2634 172);
664 2573 741 2636 qnae
765 2573 819 2619 suo
834 2555 899 2620 loco
915 2555 1171 2630 commemorab03
1194 2556 1269 2620 item
1286 2556 1458 2637 1111111111-

123 2682 181 2744 que
203 2663 356 2728 editorum
380 2662 511 2728 aliorum
533 2661 693 2728 hominum
718 2661 877 2727 doctorum
899 2662 1071 2737 coniecerit,
1095 2661 1234 2729 referam.

230 2767 291 2834 Sed
313 2768 492 2851 priusquam
515 2768 555 2834 ad
577 2768 713 2853 singalas
735 2787 783 2833 res
807 2768 983 2834 tractandas
999 2769 1161 2847 transeam,
1186 2770 1240 2834 hoc
1262 2768 1457 2852 premendum

124 2873 199 2939 mihi
221 2875 350 2952 videtur,
375 2894 471 2958 neque
494 2874 535 2939 de
557 2873 723 2957 Appiano
746 2874 926 2958 Herodoti
949 2875 1176 2958 Thucydidis
1199 2875 1355 2941 aliorum
1377 2874 1458 2938 imi-

124 2981 242 3047 tatore
266 2982 318 3064 (cf.
343 2980 411 3048 Soh.
435 3002 466 3064 p.
492 2982 568 3068 177)
596 3019 633 3028 -
659 3000 714 3065 pro
737 2981 828 3046 huius
851 2981 948 3047 libelli
971 2983 1128 3064 spatio-
1151 3002 1201 3046 me
1224 2981 1354 3047 voluisse
1369 2998 1459 3062 agere

124 3106 222 3170 neque
237 3087 513 3170 grammaticam
529 3086 758 3170 Appiancam
780 3087 911 3153 scribere
934 3089 989 3153 aut
1011 3088 1141 3153 valuisse
1165 3089 1219 3152 aut
1242 3086 1383 3160 voluisse3
1408 3085 1459 3150 sed

125 3212 332 3277 quaecumque
355 3197 411 3260 aut
425 3194 560 3277 Appiani
582 3194 729 3277 propria
751 3213 816 3260 esse
833 3196 886 3259 aut
902 3195 940 3259 ob
957 3194 1058 3277 ipsam
1073 3194 1290 3276 proprietatem
1313 3213 1373 3259 non
1391 3211 1459 3274 per-

126 3303 261 3384 spectam
284 3302 323 3367 ab
345 3300 520 3366 hominibus
543 3300 639 3366 doctis
662 3302 694 3364 in
717 3301 921 3385 suspicionem
951 3300 1052 3366 uocari
1082 3301 1307 3377 intellexeram,
1338 3320 1374 3366 ea
1397 3299 1461 3364 sola

127 3407 187 3472 fere
209 3409 386 3489 persecutus
408 3407 612 3491 comparando
636 3406 811 3490 explicando
834 3406 1029 3473 condonando
1052 3407 1227 3472 statuebam
1250 3406 1458 3481 defendebam,

127 3513 315 3579 emendando
337 3513 477 3598 denique,
501 3515 528 3579 si
550 3514 673 3580 fortuna
695 3515 827 3595 tulisset,
850 3513 1061 3581 restituebam.

232 3619 322 3686 Talia
344 3621 449 3687 autem
471 3620 591 3705 proprie
613 3621 697 3687 dicta
718 3621 821 3686 inueni
844 3620 876 3685 111
900 3621 953 3701 111,
978 3639 1056 3702 quae
1078 3620 1265 3704 pertinerent

785 3761 810 3826 l.

237 3867 271 3953 1)
295 3868 334 3933 11
360 3887 466 3954 genus.
500 3868 535 3952 2)
558 3868 597 3934 11
624 3887 793 3934 nnmerum.
828 3866 862 3950 3)
886 3867 925 3932 11
952 3885 1050 3933 casus.
1083 3867 1118 3952 4)
1141 3867 1179 3932 11
1201 3867 1315 3951 gradis
1337 3886 1462 3949 compa-

131 3972 264 4040 rationis.
290 3973 324 4059 5)
347 3975 386 4040 ad
408 3975 583 4059 articulum.
609 3976 641 4060 6)
666 3974 705 4040 11
728 3973 916 4057 pronomina.
944 3976 977 4058 7)
1000 3974 1040 4040 11
1062 3975 1211 4058 tempora.
1240 3975 1274 4058 8)
1299 3975 1338 4040 ad
1361 3973 1463 4039 infini-

132 4077 239 4146 tivum.
264 4080 297 4165 9)
321 4081 362 4146 11
383 4081 590 4166 participium.

776 4206 817 4270 ΙΙ.

239 4311 295 4397 10)
318 4311 357 4376 11
380 4312 555 4397 asyndeton.
581 4312 635 4389 11)
659 4311 698 4377 11
713 4311 910 4394 anaphoram.
936 4309 990 4394 12)
1014 4309 1207 4395 adtigeram
1223 4309 1308 4375 κατὰ
1324 4311 1462 4376 σύνεσιν.

136 4414 189 4499 13)
211 4417 251 4481 11
274 4417 403 4501 ellipsin.
430 4417 484 4496 14)
507 4417 546 4482 ad
569 4416 828 4501 anticipationem.
859 4418 914 4503 15)
938 4416 977 4481 ad
999 4416 1223 4484 attractionem.
1255 4415 1309 4501 16)
1333 4414 1373 4480 11
1395 4417 1462 4482 bra

135 4522 315 4608 chylogiam.
342 4525 397 4608 17)
421 4524 460 4589 ad
481 4525 703 4607 pleonasmum.
730 4522 784 4615 18)
808 4522 847 4587 11
870 4522 1106 4590 anacoluthiam.
