3156 5086
725 292 948 357 „60-

275 479 365 547 Locis
389 483 469 562 576,
488 483 540 551 25.
572 482 691 560 265,4
722 485 790 550 41114
821 485 960 567 apodosis
981 484 1092 568 incipit
1121 488 1214 566 aas,
1245 488 1320 553 14414
1354 489 1434 567 739,
1451 488 1503 552 19.

140 638 144 648 .
171 587 245 666 599,
263 589 292 651 5.
315 589 389 669 361,
407 591 426 654 6
444 589 614 676 (Sehwim.)
629 592 703 671 443,
721 591 843 670 911414,
867 612 937 657 oum
953 593 1089 676 prodosis
1106 593 1147 658 411
1162 593 1319 679 genetivus
1335 594 1504 660 absolutus.

276 693 350 758 Jam
373 696 454 778 quod
476 717 689 780 nonnusquam
712 698 844 782 legimus
867 699 902 765 δέ
926 718 980 781 pro
996 699 1040 776 σὲ,
1066 700 1233 782 41444116,
1258 701 1334 766 οὔτε
1348 718 1402 782 pro
1419 701 1505 780 οὐδὲ,

172 798 248 863 οὐδὲ
271 819 325 882 pro
349 804 434 880 οὔτε,
456 804 539 894 μήτε
561 825 616 888 pro
639 810 730 895 μηδέ,
755 805 803 872 ἔτι
825 824 879 888 pro
902 806 971 894 ἤδη,
995 806 1055 896 ἤδη
1078 825 1134 889 pro
1158 805 1219 883 ἔτι,
1243 807 1317 871 haeo
1340 807 1505 872 confusio

172 904 311 987 Appiano
334 907 498 975 librariono
522 911 563 975 sit
587 911 791 991 attribuenda,
814 912 912 976 fateor
936 931 983 976 me
1007 909 1169 978 haesitare.

278 1013 326 1079 ἔτι
356 1034 410 1097 pro
434 1018 584 1082 attributo
607 1017 739 1102 legimus
763 1017 873 1097 341‚2
898 1019 966 1100 (διδ
991 1019 1050 1097 τὰς
1073 1017 1120 1085 ἔτι
1150 1024 1332 1106 πρεσβείας,
1360 1018 1450 1086 Mfm.
1474 1018 1505 1082 in

171 1118 254 1202 ἄρτι,
279 1116 406 1186 Sahwfc.
431 1123 478 1189 ἔτι
500 1123 688 1211 παρούσας,
718 1126 801 1190 recte
824 1124 1058 1210 interpretatur)
1084 1125 1171 1191 1069
1186 1127 1230 1205 ,2
1256 1126 1322 1208 (διά
1354 1126 1431 1204 τούς
1459 1125 1506 1192 ἔτι

172 1226 380 1311 πσλεῒμοοςθ)
406 1229 480 1306 392,
499 1230 550 1295 24.
568 1231 643 1310 424,
658 1231 687 1296 7.
706 1231 784 1309 488,
804 1231 854 1296 16.
880 1232 954 1308 551,
974 1233 1015 1297 13
1039 1232 1163 1317 (Mina)
1187 1231 1333 1311 68918.
1359 1233 1434 1309 847,
1452 1232 1503 1310 24,

171 1331 232 1421 ἤδη
258 1332 668 1416 723,17.14414379,6.
694 1337 772 1414 254,
793 1339 822 1404 7.
847 1338 986 1417 535,12
1014 1343 1137 1421 „porro“
1165 1339 1212 1404 rel
1240 1340 1431 1422 „praeterea“
1459 1337 1506 1404 ἔτι

172 1437 340 1520 signifieat3
366 1442 499 1522 826,18
524 1446 629 1509 autem
652 1444 752 1510 neseio
776 1464 814 1509 44
839 1445 917 1511 Mro.

279 1547 299 1633 ἥ
308 1550 353 1637 δη
374 1547 455 1615 16614
472 1552 519 1614 441
534 1552 626 1634 atque
641 1560 702 1617 νῦν
717 1552 765 1616 vel
780 1562 839 1618 νῦν
855 1552 893 1642 δὴ
909 1551 1063 1634 (nostrum
1084 1552 1211 1637 „ebon“)
1229 1550 1335 1630 244,9
1351 1549 1506 1636 (μάλιστα

172 1651 233 1733 μὲν
256 1652 340 1731 εἰκὸς
364 1656 487 1734 αδτοδς
502 1658 563 1748 ἤδη
580 1662 727 1724 σπονδῶν
744 1660 892 1747 φυλακῆς
907 1655 1147 1740 αἰσθάνεσθαι)
1172 1657 1303 1736 406,10
1329 1660 1425 1736 (ὅθεν
1445 1658 1506 1748 ἤδη

172 1760 279 1824 πολλοὶ
303 1761 479 1846 κάμνοντες
503 1763 690 1831 ἐνεδίδοσαν
713 1766 781 1832 ὑπὸ
805 1775 859 1854 τῆς
883 1764 1032 1852 άπορίας,
1055 1762 1121 1829 Ν16.
1147 1763 1199 1852 δή)
1226 1767 1243 1829 7
1267 1763 1336 1830 aliis
1359 1763 1441 1830 lania.

279 1868 316 1933 In
332 1869 430 1936 artato
445 1869 493 1937 ἔτι
509 1871 584 1949 561,
602 1872 623 1934 4
638 1871 706 1955 (καὶ
721 1873 780 1961 τὴν
796 1872 828 1950 ές
844 1873 881 1938 τὸ
896 1871 1065 1956 μεσόγειον
1081 1870 1137 1937 ἐπὶ
1157 1871 1308 1954 ποταμὸν
1318 1870 1506 1961 Εὐφράτην,

173 1973 270 2041 οὐδέν
293 1975 342 2043 ἔτι
364 1987 408 2043 τῶ
432 1977 626 2067 Μιθριδάτῃ
650 1979 869 2068 προσήκοντα)
894 1997 954 2043 non
976 1978 1063 2043 video
1085 1997 1139 2043 cur
1162 1977 1321 2044 offenderit
1343 1976 1403 2052 Μ.;
1425 1977 1506 2041 inest

173 2082 254 2146 certe
277 2082 333 2148 hoo
354 2083 419 2149 looo
442 2084 473 2148 in
497 2085 544 2152 ἔτι
566 2085 650 2151 44114
673 2105 732 2151 444
756 2085 942 2169 temporalis,
966 2084 1137 2150 4461444114
1161 2082 1432 2168 114414144111441,
1456 2103 1507 2148 ex·

174 2186 240 2251 4461
263 2207 279 2253 4
302 2188 414 2255 finibus
438 2191 623 2273 quibusdam
645 2211 706 2259 non
730 2192 877 2275 temporis
900 2192 952 2257 446
975 2190 1079 2275 spatii.
1136 2254 1139 2260 .

283 2294 508 2363 Particulam
532 2299 629 2366 ἀλλὰ
651 2318 862 2382 nonnusquam
885 2299 1016 2384 legimus
1039 2298 1084 2364 ita
1106 2297 1253 2380 positam,
1277 2298 1313 2361 ut
1336 2294 1507 2380 negationis

174 2401 277 2484 paullo
301 2404 507 2470 antecedentis
529 2405 592 2470 rim
614 2423 675 2470 non
698 2404 841 2471 contrarii
865 2406 1034 2489 quidquam
1056 2403 1272 2470 introducendo
1289 2400 1430 2477 minuat,
1447 2399 1508 2465 -446

174 2509 273 2591 ipsam
296 2511 501 2576 narrationem
523 2512 687 2592 continuet,
712 2513 800 2596 quasi
815 2513 937 2598 negatio
957 2532 1017 2578 non
1040 2511 1248 2577 antecesserit:
1275 2508 1429 2586 106614
1453 2510 1507 2573 καὶ

175 2619 212 2682 αἱ
233 2617 344 2695 πόλεις
368 2617 479 2706 ἠξίουν
502 2619 560 2708 τὴν
570 2618 708 2687 Ἰταλίαν
730 2623 865 2686 ἅπασαν
881 2619 1115 2704 ἐπινείμασθαι
1130 2621 1166 2685 τὸ
1184 2616 1284 2704 ἔργον,
1308 2615 1380 2703 ἢέν
1395 2614 1507 2691 ἄλλαις

66 2764 73 2783 ·
175 2725 358 2808 διαλαχεῖν,
390 2734 445 2813 τῆς
468 2735 557 2813 τεγῆς
580 2727 675 2813 τιμὴν
698 2727 774 2803 τοδς
797 2731 1021 2811 δωρουμένους
1044 2725 1166 2812 ᾔτουν,
1194 2726 1249 2790 καὶ
1271 2721 1425 2811 άργάριον
1448 2719 1507 2787 οάκ

175 2821 224 2917 ἦν,
248 2829 332 2896 άλλά
349 2832 513 2909 συνιόντες
529 2832 593 2898 άνά
608 2842 705 2919 μέρος
721 2830 754 2911 ές
770 2834 829 2921 τὴν
840 2831 961 2923 Ῥώμην
972 2881 1058 2900 .....
1075 2829 1249 2918 ἐθρήνουν,
1271 2827 1343 2894 Mfc.
1364 2827 1508 2891 lacunam

175 2938 244 3020 post
266 2938 362 3005 άλλά.
380 2975 424 2985 -
449 2938 521 3018 700,
540 2940 581 3005 10
600 2942 655 3007 καὶ
677 2942 812 3031 κληθεὶς
835 2940 867 3017 ἐς
889 2945 1072 3026 μαρτυρίαν
1095 2939 1256 3025 δΚαῖσαρ
1280 2933 1320 3002 οὗ
1343 2944 1508 3008 κατεῖπεν,

175 3044 262 3109 άλλά
285 3048 340 3110 καὶ
363 3044 436 3113 τότε
452 3046 620 3135 δήμαρχον
635 3045 668 3124 ἐς
685 3046 865 3134 ἐπιβουλὴν
882 3057 941 3113 τοῦ
957 3054 1134 3132 Κικέρωνος
1149 3043 1310 3134 άπέφηνε,
1333 3040 1372 3108 cf.
1396 3040 1471 3120 230,
1487 3039 1507 3102 2

176 3152 265 3235 (Mra.
291 3153 395 3217 604114
419 3155 471 3238 a.)
497 3155 626 3234 673,11
655 3153 765 3239 (Min).
792 3150 1015 3230 46613415
1041 3151 1104 3234 (Mi
1121 3150 1154 3233 .).

282 3259 354 3325 Jam
377 3261 565 3343 particula
588 3263 647 3340 ἄν,
670 3263 706 3327 ut
729 3262 841 3338 856,1
870 3281 889 3326 4
911 3259 955 3325 Μ.
981 3258 1061 3324 reete
1083 3257 1204 3322 videtur
1226 3254 1326 3322 vocari
1352 3255 1384 3319 in
1408 3252 1508 3336 suspi-

176 3366 301 3444 oionenr,
325 3368 370 3431 ita
391 3367 526 3433 looorum
550 3388 675 3434 numero
698 3368 779 3432 haud
803 3367 920 3450 exiguo,
945 3367 999 3450 qui
1022 3364 1125 3431 44116
1150 3363 1180 3445 (4
1202 3363 1313 3444 quibus
1333 3361 1374 3426 15
1390 3360 1509 3445 Maio),

177 3492 370 3556 nequaquam
396 3459 561 3540 ¹inserenda
590 3475 667 3541 mihi
697 3475 817 3541 videtur
847 3474 989 3552 820,13
1019 3475 1074 3556 καὶ
1104 3471 1227 3537 οδποτε
1257 3470 1279 3537 δ
1308 3469 1510 3559 ἐπιστεύθην

177 3581 343 3666 προδάσω,
367 3587 444 3670 πρὶν
459 3584 543 3668 κάμέ
560 3610 605 3662 τις
621 3583 761 3669 ἐπαυέλῃ
797 3582 925 3660 821,16
950 3580 1009 3667 ἐγώ
1025 3579 1161 3665 μὲνγὰρ
1179 3578 1273 3654 ὄντας
1290 3601 1324 3662 γε
1334 3576 1510 3659 Ῥωμαίους

178 3684 271 3771 οἶμαι
286 3689 440 3768 πολλάκις
456 3692 645 3757 άποθανεῐν
661 3692 797 3756 ἑλέσθαι
811 3692 935 3773 μᾶλλον
950 3692 972 3779 ἤ
988 3687 1213 3755 δουλεύειν...
1239 3684 1313 3763 592,
1330 3684 1350 3746 2
1375 3683 1508 3770 άρίστου

177 3801 232 3864 καὶ
256 3796 513 3883 άρελιμοτάτου,
538 3798 570 3864 εἰ
591 3796 728 3863 έδάνατο
752 3802 952 3885 πραχθῆναι,
975 3804 1148 3881 γενομένου
1173 3793 1231 3858 cat.

398 3992 489 4110 231
522 3993 886 4091 nevernorum
920 3988 1292 4108 signifieatione.

285 4168 331 4233 De
341 4171 499 4234 verborum
514 4169 734 4254 significatione
748 4169 955 4252 quaestionem
971 4166 1017 4231 ita
1032 4165 1204 4243 instituam,
1220 4166 1256 4228 ut
1271 4163 1415 4246 primum,
1433 4181 1510 4243 quae

178 4277 211 4340 14
233 4276 408 4342 universum
432 4276 509 4340 mihi
531 4277 691 4342 videantur
713 4296 778 4342 4444
801 4276 937 4353 dicenda,
959 4273 1120 4357 pretorem,
1143 4271 1250 4338 641464
1272 4269 1510 4354 singularum,

179 4400 307 4464 quorum
317 4382 568 4467 significationem
578 4384 633 4450 441
642 4382 870 4468 significationis
879 4376 1316 4457 variationemobservaverim
1324 4393 1508 4442 enumerem.

288 4559 310 4628 1)
328 4558 364 4613 u.
385 4560 485 4614 confert
502 4559 563 4614 urs
582 4559 620 4614 11.
637 4559 680 4624 42,
700 4561 724 4624 4,
743 4574 771 4629 p.
790 4558 851 4613 444.
