3156 5086
742 323 959 385 ..38-

187 528 302 600 privor.
326 518 418 589 hiim
444 514 593 582 ruodrut
614 514 673 580 loci
697 515 772 595 352,
800 515 850 579 19.
876 516 950 596 685,
977 515 1006 581 2.
1032 517 1084 593 80,
1114 518 1161 581 12.
1187 516 1262 593 637,
1287 515 1339 581 21.
1366 516 1439 593 759,
1464 519 1518 585 23.
1534 514 1572 555 -:

189 624 264 697 849,
280 629 311 697 9,
335 622 579 707 00100εο7010.;
603 621 700 705 μόνος
724 620 879 686 omittitur
903 622 977 701 548,
993 624 1045 701 23,
1069 632 1196 707 πρῶτος
1219 622 1294 701 444,
1312 623 1363 689 21.

295 729 483 799 Adrorbiu
506 729 542 794 ot
563 727 786 812 particulas,
816 729 997 809 praesertim
1026 729 1079 793 ubi
1103 730 1208 793 extant
1230 729 1408 813 participia,
1440 731 1518 794 dosi-

188 839 332 905 oon-umus
356 837 399 903 86
421 835 494 902 loois
518 835 547 918 (e
571 834 681 916 quibus
705 834 747 898 35
771 834 895 919 Maso),
923 835 1079 918 imprimis
1099 834 1216 921 μόνον,
1241 833 1329 913 τότε,
1353 838 1434 921 ἄρα,
1458 836 1521 914 ἀεὶ,
1550 850 1572 877 ⁴

190 948 286 1028 δμως,
310 943 368 1017 ἔτι.
384 937 456 1018 ὅδε,
471 944 550 1027 ἅμα,
565 940 716 1025 μάλιστα,
739 939 777 1006 of.
795 942 871 1022 992,
888 943 907 1005 3
924 943 968 1008 οῖ’
979 945 1035 1009 καί
1049 943 1140 1027 παρὰ
1157 944 1325 1026 πολεμίοις
1341 942 1523 1026 ἰσχύουσιν,

192 1052 233 1119 ού
263 1050 355 1137 παρὰ
387 1051 494 1137 φίλοις
525 1051 580 1114 καὶ
610 1058 802 1135 τροφεῦσιν.
837 1048 917 1126 722,
941 1049 962 1111 4
991 1052 1046 1115 καὶ
1076 1049 1093 1114 ό
1118 1036 1218 1135 δῆμος
1250 1099 1257 1112 .
1283 1099 1290 1114 .
1316 1101 1323 1114 .
1355 1046 1524 1137 ἐκεκράγει
1561 1082 1571 1089 ··

190 1165 339 1244 Καίσαρα
368 1159 423 1223 καὶ
446 1153 624 1241 Πομπήιον
654 1154 852 1221 ἀποθέσθαι
881 1153 939 1230 τοὶς
963 1159 1154 1232 δυναστείας
1180 1205 1350 1220 ......
1377 1156 1543 1242 Κικέρων

190 1265 226 1332 δὲ·
249 1266 304 1332 καί
322 1301 358 1311 -
378 1281 418 1328 sc.
436 1261 568 1328 τότε-
585 1267 729 1343 πέμπειν
752 1257 785 1338 ἐς
808 1267 958 1347 Καίσαρα
983 1259 1186 1338 διαλλακτάς.
1212 1260 1287 1338 566,
1304 1264 1324 1324 9
1348 1262 1524 1347 ἐγχειρίδια
1545 1272 1572 1309 ³·-

190 1370 344 1449 πολλάκις
368 1369 544 1458 φερόντων,
567 1375 774 1457 κτιννυμένης
798 1375 888 1433 τέ-
907 1385 949 1431 sc.
973 1366 1027 1434 niet
1041 1405 1084 1414 -
1100 1394 1184 1444 τινος
1207 1368 1307 1456 ἀρχῆς
1332 1366 1368 1433 ἐκ
1392 1368 1526 1456 διαστή·
1551 1382 1572 1397 ’“

192 1505 294 1563 ματος
318 1475 354 1543 ἐν
375 1477 476 1562 ἱεροῖς
498 1476 520 1564 ἢ
542 1476 732 1564 ἐκκλησίαις.
779 1473 854 1551 980,
879 1475 921 1538 25
945 1474 1060 1553 εύνονς
1083 1475 1119 1540 δέ
1143 1478 1188 1540 ὥν
1210 1485 1277 1551 τοῖς
1293 1483 1555 1564 Πομπηιανοίςὲ

192 1586 244 1653 διὰ
277 1583 356 1651 τάδε
386 1589 635 1669 κατεγίγνωσκεν
659 1617 697 1628 -
724 1599 764 1648 so.
790 1583 876 1664 ὅμως
899 1618 942 1628 -
966 1580 1021 1647 δεῖ
1049 1589 1106 1672 τῆς
1135 1589 1251 1668 μοίρας
1274 1583 1315 1658 ὡς
1338 1583 1525 1671 ἀτυχούσης

192 1693 391 1777 ἀμειλίκτως.
411 1689 537 1769 1140,3
553 1688 637 1753 κατὰ
655 1691 794 1771 δαίμονα
810 1689 835 1752 δ’
851 1690 1051 1774 ἀμφοτέρων
1068 1724 1106 1733 -
1125 1706 1165 1752 se.
1177 1691 1246 1772 ἱίμα
1262 1725 1305 1732 -
1321 1688 1572 1774 προσιόντωνί

195 1810 236 1888 τηῖ
253 1797 400 1885 ῥεύματι,
421 1793 582 1872 Ἀντύνιος
600 1846 607 1859 .
626 1845 632 1857 .
652 1847 658 1858 .
679 1847 685 1858 .
703 1793 853 1882 ἐσήλατο.
878 1794 974 1873 1034,
991 1796 1010 1857 2
1035 1798 1090 1861 καὶ
1113 1795 1150 1860 τὸ
1174 1793 1335 1879 διώνυμον
1357 1789 1397 1884 ἦν
1412 1794 1525 1862 αὐτῶν
1538 1812 1572 1845 ¹·

194 1907 231 1975 τὸ
247 1906 379 1992 Ἀρειον,
404 1901 422 1966 δ
445 1904 500 1967 ἐπὶ
523 1911 598 1989 τιμῇ
621 1911 678 1989 τῆς
701 1901 802 1988 ἀλκῆς
828 1938 866 1946 -
892 1919 933 1967 sc.
957 1893 1019 1967 ὦδε
1042 1938 1085 1948 -
1108 1901 1284 1985 ιδυύμοιζον.

300 2007 600 2090 Praepositionos
623 2006 752 2091 denique
775 2007 814 2072 ab
837 2005 873 2072 Α
898 2008 968 2090 post
990 2010 1062 2084 καί,
1085 2011 1121 2096 ἢ,
1144 2010 1203 2086 rig,
1227 2012 1352 2096 ὥσπερ,
1383 2005 1438 2075 οἶα
1463 2028 1548 2075 nont

192 2116 297 2184 iterari
319 2114 397 2180 nihil
420 2114 635 2198 estproprii1)‚
657 2115 856 2180 nihilominus
872 2134 888 2179 e
906 2115 946 2180 18
962 2115 1035 2180 loois
1049 2116 1190 2181 undecies
1206 2116 1315 2193 Μυίας
1340 2116 1378 2182 of.
1396 2117 1473 2194 946,
1492 2120 1519 2179 6.
1540 2132 1572 2165 υ·

193 2226 267 2303 988,
288 2225 337 2289 18.
363 2221 437 2300 624,
452 2223 482 2286 2.
507 2222 582 2299 949,
603 2223 634 2289 3.

1542 2334 1570 2427 't

564 2415 654 2537 14)
685 2407 759 2517 Do
791 2418 1156 2563 anticipatione.

302 2615 541 2699 Antioipationis
559 2634 633 2680 usus
647 2613 824 2697 Appiauous
847 2614 922 2679 satis
938 2615 1080 2697 frequens
1096 2617 1151 2694 ost,
1176 2617 1327 2700 imprimis
1343 2618 1379 2680 in
1399 2619 1522 2681 verbis

194 2722 451 2809 cognoscendi,
475 2721 642 2806 rogandi,
668 2720 863 2807 dirrndi2);
892 2723 998 2802 qualos
1020 2723 1102 2797 ¹looos
1124 2722 1272 2788 habemus
1293 2724 1362 2788 hos:

302 2831 383 2908 165,
408 2831 449 2894 21
482 2828 558 2894 ούδέ
588 2829 663 2906 τούς
694 2805 927 2907 πεντακοσίους
958 2830 1080 2907 εἰδότες
1111 2833 1161 2897 ὅτι
1190 2825 1275 2919 ἦσαν
1306 2831 1523 2897 πεντακόσιοι.

195 2940 275 3016 222,
300 2939 319 3002 6
352 2943 535 3023 πειθομένῳ
565 2938 642 3023 περὶ
671 2935 782 3003 αὐτῶν
808 2939 858 3002 ὅτι
881 2941 950 3003 δέοι
972 2949 1089 3004 ποιεῖν.
1122 2937 1203 3015 235,
1228 2937 1250 3000 4
1278 2941 1435 3002 ἐπίδεσθε
1465 2939 1524 3022 τὴν
1562 2972 1572 3021 η

189 3031 336 3134 ’δνύγκην
357 3043 378 3131 η’
401 3053 536 3129 γέγονεν.
577 3044 658 3123 273,
682 3044 702 3108 6
732 3045 803 3110 ἴστε
832 3043 954 3122 αύτούς
984 3046 1035 3111 δτι
1061 3044 1258 3137 οἷπέστησαν.
1291 3045 1371 3123 253,
1397 3046 1456 3123 23,
1480 3045 1523 3107 24
1565 3098 1572 3105 .

195 3149 285 3220 εἶδον
315 3151 375 3239 τὴν
404 3150 501 3216 πόλιν
531 3151 592 3241 δ’ση
615 3146 664 3241 ἦν.
697 3152 778 3230 570,
803 3153 822 3216 9
853 3162 957 3218 ταῦτα
981 3153 1007 3218 δ’
1032 3155 1119 3230 ἵπως
1149 3153 1289 3239 ἐγένετο,
1320 3161 1522 3240 συνέγραψα.

196 3260 270 3337 648,
290 3260 338 3344 Ι20
362 3257 421 3322 οίκ
445 3258 506 3341 ἔχοι
531 3258 591 3346 την
613 3259 722 3325 αἰτίαν
744 3261 924 3344 συμβαλεῖν
946 3262 984 3325 δι’
1008 3260 1048 3348 ἣν
1070 3259 1206 3345 ἐγένετο.
1242 3259 1314 3336 794,
1342 3258 1383 3322 14
1405 3259 1525 3342 ᾔδεσαν

195 3367 297 3432 αὐτὸν
318 3364 409 3451 μήῧ).
456 3364 570 3443 838,6
595 3366 809 3448 προειπόντος
834 3367 892 3454 τὴν
914 3366 1038 3455 ἡμέραν
1061 3377 1116 3456 τῆς
1140 3369 1299 3454 τελευτῆς,
1323 3355 1375 3431 ότι
1396 3365 1440 3453 μὴ
1466 3390 1524 3430 πε.-

198 3480 315 3561 ριοίσει
338 3472 394 3549 τὰς
419 3469 539 3549 εἰδούς,
563 3470 640 3536 Mfd.
666 3499 693 3538 τ.
717 3473 748 3563 ἡ.
772 3499 800 3538 τ.
825 3501 852 3539 τ.
878 3473 951 3549 904,
977 3474 996 3534 5
1022 3473 1203 3550 συνειδότες
1227 3473 1263 3538 τὸ
1286 3471 1459 3559 κράτιστον
1482 3473 1524 3548 ὡς

195 3581 258 3670 εἴη.
283 3577 357 3655 938,
375 3579 417 3641 26
442 3576 474 3654 ἐς
496 3576 590 3663 ἡμᾶς,
614 3574 671 3644 οἷα
695 3577 924 3664 πεπόνθαμεν,
948 3582 1041 3665 ὁρῶν.
1068 3581 1201 3658 1185,7
1225 3580 1346 3664 μαθών
1369 3582 1446 3664 περί
1469 3589 1524 3666 της

169 3779 173 3788 ⁵
195 3685 315 3774 μητρὸς
337 3685 380 3762 og
403 3684 455 3775 εἴη
478 3690 705 3776 καθειργμένη.

303 3789 422 3872 Quibus
452 3789 526 3855 locis
556 3791 714 3856 simillimo
743 3792 912 3876 comparati
946 3794 1017 3859 sunt
1047 3795 1129 3874 981,
1154 3795 1195 3857 16
1226 3799 1334 3860 δεῖσαι
1363 3794 1440 3880 περὶ
1470 3803 1526 3881 της

196 3897 429 3986 ἀναχωρήσεως
459 3899 503 3987 μη
535 3898 772 3989 ἀποκλεισθείη
781 3901 807 3980 4)
831 3902 862 3965 et
892 3901 973 3980 041,
997 3903 1038 3965 26
1069 3905 1100 3979 ἐς
1128 3903 1371 3978 δυσελπιστίαν,
1401 3905 1525 3990 μηδένα

196 4005 362 4092 ῥύσεσθαί
381 4030 452 4070 τινα
475 4008 672 4092 προσδοκῶν.

303 4111 339 4176 Id
362 4112 467 4176 autom
490 4112 718 4195 anticipationis
740 4132 852 4198 genus,
883 4114 963 4196 quod
986 4115 1039 4178 ubi
1062 4116 1161 4191 extat,
1193 4113 1293 4178 notio
1316 4113 1526 4194 anticipata

267 4325 270 4330 -
305 4289 326 4358 1)
345 4286 378 4343 of.
397 4286 497 4341 Loesoh
515 4289 543 4341 et
560 4286 645 4341 Krebs
663 4304 690 4358 p.
705 4288 746 4352 10,
765 4289 819 4358 ἐξ),
834 4289 857 4344 1.

302 4376 327 4446 2)
345 4375 378 4431 of.
397 4375 444 4430 Kr.
464 4378 534 4446 §61
549 4378 573 4439 6,
587 4378 612 4430 2.
632 4378 665 4434 Κ.
679 4377 745 4448 Hp.
760 4378 838 4443 1082,
852 4381 876 4433 4.

302 4466 325 4529 ³)
344 4464 378 4519 of.
398 4465 430 4518 de
447 4463 566 4536 brachyl.

303 4556 327 4625 ⁴)
345 4553 380 4608 of.
399 4553 446 4608 Kr.
465 4555 536 4622 561,
550 4556 575 4620 6,
588 4556 613 4610 5.
