3156 5086
731 328 950 391 ..54-

172 517 227 585 ἐπὶ
243 528 280 602 τῇ
297 519 408 586 σσσίσει
423 538 483 584 non
499 517 655 600 pertinent
670 518 709 582 ad
726 528 910 598 συνέπεσεν,
936 523 1016 604 quod
1032 522 1112 587 idem
1130 525 1176 587 est
1190 524 1282 604 atque
1310 522 1459 602 ,accidit‘
1472 524 1503 607 ¹),

172 623 224 689 sod
247 624 286 688 ad
310 625 487 713 πάρεργον)
513 625 587 705 cet,
621 644 696 706 quos
725 627 806 693 locos
829 647 897 693 oum
922 627 1068 710 respicio,
1099 628 1200 695 nescio
1224 649 1261 693 an
1286 628 1362 695 falso
1387 630 1462 701 570,
1487 631 1504 694 7

172 729 334 796 deleverim
358 731 410 798 ἐπ’
422 732 457 817 ²).

279 836 398 903 Eadem
421 857 492 903 cum
515 837 674 916 varietate,
699 837 921 919 inconstantia,
944 841 1138 925 neglegentia
1160 841 1198 906 Α.
1224 841 1323 906 utitur
1347 841 1506 925 singulis

172 943 463 1026 praepositionibus3
487 964 563 1026 quas
585 964 657 1010 cum
679 944 730 1009 hic
753 944 831 1010 mihi
854 947 1031 1012 tractamas
1054 966 1119 1012 esse
1134 965 1194 1012 non
1209 947 1428 1031 proposuerim,
1453 947 1506 1013 hoo

173 1052 277 1115 tamon
300 1070 551 1129 commemorem,
575 1051 753 1134 saepissimo
776 1054 877 1117 artare
900 1054 1173 1119 commutationem
1196 1054 1455 1136 praepositionum
1477 1056 1507 1119 et

172 1175 226 1238 por
249 1175 280 1222 se
303 1155 472 1238 positarum
496 1159 527 1224 et
549 1157 583 1222 in
605 1158 705 1223 verbis
732 1158 907 1241 compositis
937 1160 1011 1225 sive
1034 1160 1204 1244 Appiano
1235 1161 1310 1225 sive
1340 1160 1506 1227 librariis

173 1262 465 1342 attribuendam
497 1283 568 1328 nam
597 1284 652 1348 pro
682 1266 817 1331 locorum
839 1285 966 1331 numero
989 1267 1022 1332 ot
1044 1267 1162 1333 ratione
1185 1269 1216 1332 et
1238 1288 1293 1351 pro
1316 1266 1507 1333 voluminum

174 1367 403 1453 Appianeorum
426 1370 631 1454 amplitudine
653 1372 816 1454 utrumque
839 1391 941 1438 vereor
964 1392 1000 1438 ue
1024 1373 1120 1455 possit
1143 1372 1249 1438 statui.

506 1582 595 1700 22)
633 1583 706 1681 Ilo
740 1582 1177 1682 coniunctionibus.

283 1776 327 1841 Da
350 1777 611 1845 coniunctionibus
640 1778 860 1859 particulisque
890 1797 969 1860 quae
998 1778 1178 1861 proferrem,
1211 1779 1307 1863 digna
1336 1779 1416 1845 mihi
1444 1781 1508 1846 visa

175 1885 248 1948 sunt
270 1881 358 1948 haec:

283 1989 320 2052 In
349 2008 407 2061 usu
437 1988 645 2071 particulae
676 1994 740 2057 καὶ
769 1991 989 2056 abundantiam
1012 1991 1166 2074 quandam
1189 1991 1323 2058 ostendit
1345 1995 1401 2073 4.,
1432 2012 1509 2075 quae

176 2095 256 2178 quod
279 2095 416 2160 homines
441 2095 543 2162 doctos
567 2097 687 2161 videtur
710 2097 842 2180 fugisse,
874 2116 908 2162 eo
931 2099 1032 2182 magis
1054 2098 1164 2179 miror,
1195 2117 1263 2163 oum
1288 2098 1345 2164 hoo
1368 2099 1508 2165 omnibus

175 2201 238 2267 fere
262 2192 479 2267 recentioribus
494 2198 618 2268 Graecis
642 2204 683 2268 sit
706 2223 880 2282 commune;
903 2202 964 2269 loci
987 2206 1090 2269 autem
1109 2203 1169 2269 huc
1183 2205 1337 2287 pertinent
1352 2206 1507 2288 permulti.

283 2327 329 2390 Ac
353 2326 487 2409 primum
510 2327 634 2408 quidem
657 2331 713 2394 καὶ
735 2346 948 2410 nonnusquam
970 2327 1018 2393 bis
1040 2328 1128 2410 ponit
1150 2329 1195 2393 ita
1214 2331 1251 2394 ut
1265 2328 1397 2394 alterum
1414 2330 1509 2395 altero

177 2435 341 2518 augeatur,
372 2433 410 2497 ef.
437 2432 518 2513 109,
544 2434 563 2496 3
594 2438 649 2502 καὶ
671 2443 766 2501 τινῶν
796 2440 1065 2519 πρεσβευομένων
1088 2435 1119 2513 ἐς
1144 2435 1245 2503 αὐτὸν
1267 2440 1321 2502 καὶ
1344 2436 1511 2502 deliacos

176 2547 333 2626 βεβαιοῦν
354 2544 410 2609 καὶ
432 2543 494 2608 ὅσα
512 2541 632 2629 Ἀσιλίῳ
649 2592 656 2607 .
674 2592 708 2607 ..
733 2546 930 2625 συνθέμενοι
953 2543 1230 2634 παρεβεβήκεσαν,
1259 2541 1347 2619 Mfd.;
1375 2543 1509 2621 39015

178 2646 356 2733 ἐνεδρεύων
371 2651 426 2715 καὶ
449 2647 506 2715 οἷεί
525 2674 556 2715 τι
570 2651 626 2716 καὶ
641 2646 791 2732 ἐνοχλῶν,
815 2646 979 2724 Schwrm.;
1003 2648 1114 2726 25,11
1139 2654 1193 2716 καὶ
1216 2649 1402 2740 ἀπήντησεν
1421 2649 1510 2737 αὐτῷ

178 2758 233 2822 καὶ
256 2753 330 2821 τόδε
354 2753 394 2819 οὐ
418 2755 503 2820 nota*
529 2757 682 2843 ὕστερον,
706 2753 801 2833 Mid,
824 2754 954 2838 Hilberg
976 2755 1014 2821 fc.
1039 2759 1095 2823 καὶ
1117 2756 1222 2845 adam
1254 2757 1358 2837 quales
1380 2757 1439 2822 loci
1462 2777 1511 2822 ex·

178 2862 247 2926 tant
270 2860 323 2941 29,
348 2860 488 2943 equibus
506 2863 525 2925 8
541 2860 646 2939 Maio,
671 2879 781 2928 cumr.
806 2860 959 2926 addiderit
982 2863 1081 2926 locum
1106 2864 1179 2942 972,
1205 2864 1233 2942 1,
1257 2867 1312 2929 καὶ
1334 2862 1510 2929 desiderans

178 2969 248 3050 post
270 2967 411 3058 εἰρήνης;
435 2985 503 3048 quo,
527 2967 651 3032 sirecte
673 2967 797 3045 conicio,
821 2967 938 3032 aceedit
953 2968 1034 3032 locus
1058 2969 1179 3048 205,1,
1203 2969 1257 3034 ubi
1272 2971 1363 3036 verba
1379 2971 1510 3058 ὑποκρί-

178 3081 308 3142 νασθαί
327 3100 361 3142 σε
385 3074 634 3166 Μασσανάσσην
656 3078 712 3141 καὶ
735 3073 769 3154 ἒς
794 3077 906 3162 φιλίαν
929 3076 1159 3160 ὑπαγαγέσθαι
1188 3075 1261 3141 ferri
1289 3096 1349 3143 non
1370 3078 1510 3160 possunt3

179 3181 356 3266 significant
385 3181 483 3262 enim,
515 3182 595 3265 quod
619 3182 699 3247 recte
730 3179 1086 3246 animadvertatur
1116 3181 1330 3258 ,Massinissaa
1352 3203 1511 3266 personam

178 3289 335 3366 induere“,
366 3307 445 3372 quae
473 3288 520 3352 vis
543 3289 580 3352 ut
602 3287 711 3367 semel,
742 3287 817 3366 956,
834 3288 892 3366 21,
923 3287 1003 3352 inest
1032 3288 1064 3351 in
1087 3289 1234 3355 vocabulo
1257 3291 1511 3377 ὑποκρίνασθαι,

179 3395 225 3460 ita
248 3396 304 3461 hoc
327 3395 392 3461 loco
414 3414 475 3461 non
498 3394 640 3476 quadrat.
688 3392 831 3458 Ceterum
861 3394 962 3459 tribus
990 3395 1147 3476 praeterea
1169 3392 1450 3480 ‘significationibus
1473 3396 1510 3462 Α.

179 3501 279 3566 utitur
302 3501 392 3567 verbo
415 3501 668 3587 6πσκρίνεσ9αιε
691 3502 793 3584 prima
815 3501 1014 3583 respondendi
1039 3502 1090 3580 48,
1116 3503 1136 3565 8
1159 3501 1354 3589 (Sublimi)
1378 3505 1510 3582 84017

181 3609 340 3693 (Μιιοῦι),
373 3609 472 3673 altera
494 3607 640 3674 causandi
664 3607 739 3684 922,
758 3609 787 3673 6,
813 3606 961 3686 344,14;
986 3607 1078 3672 tertia
1101 3609 1132 3673 et
1155 3629 1190 3675 aa
1213 3610 1393 3676 creberrima
1417 3611 1513 3677 simu-

180 3715 300 3794 landi³)
316 3715 372 3798 (47
388 3714 472 3795 locis,
496 3734 513 3780 e
536 3715 647 3797 quibus
664 3714 683 3778 5
701 3714 847 3790 absolute,
874 3714 980 3779 3oum
1004 3716 1203 3801 accusativo);
1227 3736 1305 3799 quae
1328 3717 1512 3801 significatio

181 3823 248 3890 looo
279 3821 397 3899 205,1
423 3841 543 3904 quoque
572 3820 636 3886 sine
659 3819 752 3886 dubio
774 3820 948 3902 requiritur.
995 3819 1093 3887 Sohw.
1117 3823 1220 3887 autem
1243 3824 1367 3889 etcum
1391 3827 1512 3890 secutus

182 3970 193 3975 -
198 3968 382 3975 ....-.——--

290 4033 311 4103 1)
330 4030 362 4087 cf.
380 4031 413 4086 de
431 4032 501 4088 verb.
521 4030 612 4102 signif.

288 4122 311 4191 ²)
329 4121 361 4176 cf.
381 4121 486 4175 dedat.

288 4210 311 4280 8)
330 4211 397 4265 Loco
415 4211 476 4274 465,
489 4212 522 4277 4“,
540 4226 652 4278 quocum
669 4226 734 4265 rem
752 4211 883 4279 spectanti
902 4211 1071 4280 comparandi
1090 4214 1153 4266 sunt
1170 4212 1222 4268 loci
1239 4212 1301 4277 484,
1315 4211 1349 4266 25
1367 4213 1395 4266 ct
1413 4211 1475 4280 485,
1487 4213 1512 4279 6,

181 4299 255 4354 nisus
280 4300 391 4356 lectione
414 4299 526 4356 Candidi
552 4337 573 4344 -
598 4300 644 4369 qui
669 4301 736 4354 tum
754 4299 859 4354 addidit
877 4316 891 4354 e
910 4300 1006 4354 Latino
1031 4316 1201 4356 sermone-
1221 4301 1292 4355 inter
1310 4299 1386 4355 οὐδὲν
1403 4302 1432 4355 et
1449 4299 1512 4357 ὑπο-

182 4387 335 4461 κρινάμενος
357 4388 512 4442 inseruerim
537 4388 616 4454 ἰδεῖν,
640 4388 708 4456 quod
732 4405 779 4459 pro
799 4390 943 4458 scripturae
961 4388 1136 4443 similitudine
1154 4392 1215 4458 post
1233 4388 1310 4444 οὐδὲν
1329 4385 1406 4443 facile
1423 4390 1514 4458 potuit

182 4475 346 4540 intercidere,
367 4477 472 4531 facilius
491 4479 560 4531 certe
579 4493 672 4546 qnam,
692 4493 743 4544 quo
761 4477 817 4532 Mn.
836 4477 952 4546 explevit
969 4477 1106 4541 lacunam,
1133 4484 1284 4550 φροντιῖιιν.
1320 4476 1436 4532 Nauckii
1453 4495 1512 4534 vero

128 4592 131 4598 ·
183 4566 296 4621 mutatio
315 4580 332 4618 a
349 4564 457 4620 traditis
475 4565 562 4621 verbis
581 4566 687 4636 longius
704 4566 810 4622 recedit.
