3156 5086
634 305 848 372 ..53-

77 495 178 579 νόμον
203 501 336 588 καὶτῆς
360 499 477 588 οἷρχῆς;
506 499 712 581 explicatur
734 500 849 584 partim
873 501 1055 568 attractione
1078 501 1219 584 quadam,
1242 500 1409 566 maximam

76 605 196 684 partem
227 605 382 689 scriptoria
413 607 623 691 neglegentia,
654 608 734 691 quod
764 608 921 687 concedet,
953 609 1136 692 quicumque
1165 606 1407 684 consideraverit,

77 728 134 774 usu
157 710 260 775 venire
283 712 379 790 ctiam
406 714 645 793 contrarium,
676 718 710 781 ut
740 716 772 780 in
803 707 963 783 adverbiis.
1011 715 1083 782 Loci
1113 716 1217 780 autem
1245 715 1318 780 illuc
1340 733 1408 797 pcr-

76 805 178 881 tinent
194 819 246 897 37,
270 819 414 900 equibus
441 820 480 883 14
504 820 612 898 Maio.;
637 821 674 887 cf.
701 821 795 886 etiam
820 824 932 901 937,4
955 823 987 890 εἰ
1006 824 1051 914 μὴ
1068 828 1184 901 Πέδιος
1208 821 1330 898 acircio
1347 871 1355 886 .
1374 873 1407 888 ..

81 921 247 1013 ἐπήλπιζε,
272 934 531 1010 περιμείναντας,
555 927 588 1006 ἐς
611 925 653 994 ἕω
679 930 718 994 τά
743 929 959 1019 ἀκριβέστατα
982 936 1116 1013 μαθεῖν,
1139 928 1193 995 ubi
1218 927 1250 1007 ἐς
1274 925 1316 994 ἕω
1339 945 1408 1010 per·

76 1030 156 1095 tinet
180 1031 218 1095 ad
241 1037 375 1114 μαθεῖν.
402 1035 475 1111 827,
494 1035 512 1097 7
537 1037 591 1101 καὶ
613 1035 697 1119 μετὰ
719 1041 798 1125 βοῆς
814 1041 868 1104 καὶ
889 1045 1022 1124 πομπῆς
1038 1036 1097 1102 ε’πί
1111 1037 1152 1101 τά
1169 1034 1292 1120 ἔμβολα
1308 1057 1407 1119 πρυυ·

77 1142 168 1227 τέδη,
193 1137 251 1202 Mr.
277 1139 393 1203 confert
417 1140 492 1217 671,
511 1138 562 1206 11.
592 1177 628 1186 -
653 1140 732 1206 Loco
757 1143 830 1219 617,
855 1143 904 1223 13,
927 1142 982 1206 ubi
1005 1141 1137 1226 legimus
1160 1140 1262 1218 ἔθους
1285 1140 1321 1206 as
1336 1167 1406 1225 χρο-

76 1251 146 1309 νίου
173 1245 247 1321 τούς
271 1245 384 1324 τόκους
406 1252 632 1330 βεβαιοῦντος,
663 1249 702 1314 οἵ
719 1249 781 1332 μὲν
803 1249 885 1315 κατά
911 1250 949 1316 τὸ
974 1247 1052 1327 ἔθος
1075 1249 1190 1338 ᾔτουν,
1219 1247 1258 1313 οἳ
1277 1246 1312 1312 δὲ
1336 1241 1409 1312 οἷον

77 1350 112 1415 ἐκ
136 1353 289 1434 πολέμων
319 1377 353 1419 τε
376 1357 430 1419 καὶ
453 1353 598 1419 στάσεων
620 1353 840 1438 ἀνεβάλλοντο
871 1355 929 1435 τάς
952 1354 1141 1433 ἀποδόσεις,
1170 1354 1240 1438 post
1263 1351 1408 1420 στάσεων

77 1456 218 1539 equidem
243 1457 447 1540 suppleucrim
472 1461 571 1538 ὄντες.
597 1498 639 1507 -

184 1564 282 1629 Idem
307 1565 558 1648 deprehendimus
581 1567 621 1632 in
644 1568 828 1634 attributo
851 1567 950 1634 tribus
973 1567 1062 1634 locis:
1087 1566 1162 1645 483,
1189 1566 1229 1630 14
1254 1564 1409 1651 στρατιὰν

77 1674 104 1735 δ’
127 1672 212 1755 ὅμως
243 1673 346 1762 άλλην
375 1673 445 1741 άπό
475 1683 538 1739 τῶν
566 1674 624 1741 ὑπ’
655 1675 756 1742 αὐτὸν
787 1674 896 1741 ἐθνῶν
925 1676 1083 1742 ἁπάντων
1107 1725 1114 1741 .
1138 1723 1148 1742 .
1173 1723 1181 1740 .
1207 1721 1214 1736 .
1240 1672 1408 1756 συνέλεγεν

77 1776 127 1859 (cf.
150 1777 221 1856 173,
242 1777 295 1864 15)
312 1780 386 1858 007,
406 1782 420 1844 l
439 1782 494 1846 καὶ
509 1781 585 1858 τούς
601 1780 636 1859 ἐξ
651 1780 761 1848 αὐτῶν
779 1821 818 1830 -
835 1801 875 1848 sc.
894 1791 957 1848 τῶν
980 1782 1109 1848 πόλεων
1123 1817 1165 1828 -
1183 1779 1407 1863 αἰχμαλώτους

79 1909 112 1951 τε
136 1888 191 1952 καὶ
214 1885 351 1964 δοάλους
375 1885 597 1974 ἐστράτευσεν.
622 1887 697 1968 232,
714 1889 775 1969 51).

184 2010 416 2076 Contrarium
447 2011 592 2077 exhibent
614 2012 674 2078 loci
698 2014 750 2092 33,
777 2014 815 2079 19
840 2016 913 2080 δνσὶ
936 2011 1069 2100 δόρασιν
1092 2011 1123 2088 ἐς
1147 2009 1206 2099 την
1228 2018 1285 2098 γῆν
1307 2007 1407 2091 ἐμπε-

77 2117 214 2205 πηγάσιν
232 2117 421 2206 ἐπικάρσιον
437 2121 517 2186 άλλο
540 2119 677 2197 ἐπιθείς,
701 2119 868 2205 ἐξέπεμπε
879 2122 1043 2204 Ῥωμαίων
1058 2115 1195 2184 ἕκαστον
1210 2112 1276 2179 ὑπὸ
1296 2111 1400 2199 τούτῳ

78 2223 150 2288 Μ18.
177 2233 283 2291 τοῦτο.
325 2226 405 2304 502,
431 2228 473 2291 23
504 2229 559 2294 ἐπὶ
582 2229 640 2316 την
663 2227 695 2305 ἐς
715 2225 835 2319 Ῥάμην
857 2227 971 2294 στάσιν
999 2225 1213 2310 ἐπειγόμενος.
1253 2220 1327 2299 680,
1352 2220 1404 2285 22·

78 2331 189 2409 933,5
214 2331 338 2415 (quibus
362 2332 459 2419 Mic).
486 2334 560 2411 846,
578 2335 607 2398 3.

183 2438 288 2511 Altero
311 2439 375 2505 loco
399 2441 477 2504 mibi
500 2441 546 2505 est
575 2439 889 2515 commemorandum,
915 2439 1025 2504 >valde
1055 2455 1175 2502 amare
1198 2432 1404 2518 Appianum

76 2543 183 2608 verba
206 2544 436 2630 simplicia2),
461 2546 498 2614 of.
517 2547 591 2626 258,
618 2548 657 2610 15
683 2546 834 2635 ἔπεμψεν
856 2543 1136 2635 procacemque,
1160 2541 1294 2619 55113
1317 2540 1405 2623 χίλια

77 2649 192 2714 στάδια
217 2660 271 2739 τῆς
294 2654 415 2741 ἡμέρας
432 2705 439 2720 .
459 2704 466 2718 .
485 2705 491 2717 .
508 2658 652 2740 δραμεῖν,
676 2652 749 2719 Mfc.
775 2656 979 2742 διαδραμεῖν,
1004 2652 1109 2733 quales
1131 2651 1213 2715 locos
1235 2644 1336 2711 inveni
1352 2644 1405 2723 87,

76 2757 227 2838 equibus
251 2759 292 2822 83
318 2760 411 2826 Maio.
458 2759 564 2843 Neque
585 2762 690 2825 tamen
720 2779 779 2825 non
803 2761 907 2824 extant
929 2759 1003 2838 loci,
1035 2757 1145 2840 quibua
1174 2751 1341 2836 composita
1363 2751 1405 2815 le-

77 2880 197 2947 gamus,
222 2869 429 2949 exspectemus
453 2867 606 2951 simplicia
623 2868 675 2944 29,
700 2866 845 2951 equibus
868 2868 910 2930 20
933 2865 1037 2944 Maio,
1062 2864 1100 2930 cf.
1118 2863 1192 2940 542,
1214 2861 1252 2925 18
1270 2857 1405 2948 ἐνηγγύα

76 2990 131 3052 pro
146 2970 257 3059 ἠγγύα.
285 2973 394 3050 772,1
420 2975 608 3065 συγγνώμην
624 2973 776 3041 ἐπεδίδου
800 2993 855 3056 pro
878 2997 906 3039 σ.
925 2973 1042 3039 ἐδίδου.
1067 2972 1143 3048 936,
1160 2970 1212 3034 22.
1238 2966 1404 3043 1003,11.

77 3080 152 3157 353,
171 3079 221 3142 24.
248 3080 321 3158 593,
342 3082 381 3145 19
405 3081 457 3164 (cf.
476 3082 549 3160 697,
567 3082 632 3167 21).
657 3083 732 3160 338,
750 3082 769 3145 2
793 3081 850 3147 cet.

186 3187 292 3269 Qualis
316 3189 520 3254 inconstantia
543 3190 670 3272 apparet
691 3188 788 3253 etiam
810 3206 826 3252 e
850 3187 923 3252 locis
946 3185 998 3264 27,
1023 3184 1062 3248 ll
1088 3183 1140 3268 (of.
1165 3180 1261 3256 1072,
1285 3180 1328 3264 8),
1352 3176 1406 3241 ubi

77 3297 159 3359 extet
182 3297 290 3362 αἰτίαν
314 3305 440 3384 φερειν,
463 3297 590 3375 81413,
616 3295 657 3359 15
681 3295 731 3374 (cf.
754 3295 828 3371 302,
847 3294 890 3377 8).
920 3292 1017 3370 1115,
1043 3293 1096 3380 20,
1119 3287 1172 3355 ubi
1195 3287 1275 3353 811181
1299 3284 1406 3349 αἰτίαν

79 3402 257 3490 ἀναφέρειν
280 3404 363 3487 (oum
384 3403 478 3482 1094,
500 3403 541 3466 14
563 3402 704 3486 legamus
720 3402 828 3469 αἰτίαν
842 3400 1053 3488 μεταφέρειν)
1069 3397 1147 3462 inter
1162 3413 1196 3461 se
1211 3390 1404 3474 comparatis.

186 3529 273 3611 Quod
297 3549 368 3593 cum
390 3528 435 3592 ita
458 3527 509 3607 sit,
533 3547 571 3592 ne
593 3527 625 3592 in
649 3528 702 3592 eis
725 3527 849 3610 quidem
865 3525 1076 3592 offendendum
1096 3523 1144 3589 est
1165 3519 1271 3598 locis,
1296 3515 1406 3600 quibus

77 3637 199 3718 practer
227 3635 480 3718 praepositionem
511 3654 582 3700 cum
610 3635 732 3701 nomine
761 3633 957 3700 coniunctam
990 3651 1044 3696 seu
1073 3630 1200 3695 eandem
1230 3645 1283 3691 seu
1313 3622 1405 3688 aliam

78 3742 330 3826 praepositionem
362 3741 539 3808 inusitatius
562 3743 593 3808 et
615 3741 821 3808 abundantius
851 3760 922 3806 cum
949 3740 1040 3805 verbo
1062 3735 1234 3802 invenimus
1256 3727 1407 3813 composi-

79 3852 154 3928 tam,
179 3849 258 3933 quod
274 3850 316 3915 27
340 3849 413 3915 locis
435 3849 601 3926 observavi,
626 3849 769 3931 equibus
793 3848 835 3912 14
850 3846 960 3923 Maio.;
985 3845 1116 3922 of.232,
1137 3843 1175 3907 15
1199 3844 1407 3930 δυνηθέντων

79 3957 138 4022 συν
161 3957 251 4044 αὐτῷ
274 3956 452 4023 συνανάσαι
474 3957 531 4023 τὸν
553 3955 684 4042 δρόμον.
715 3955 795 4032 465,
821 3957 839 4018 0
864 3963 995 4037 πνεῦμα
1018 3949 1181 4018 Καυνικὸν
1206 3944 1351 4030 ε’μπεσὸν
1374 3942 1406 4020 ἐς

79 4063 183 4142 αὐτάς
208 4102 248 4111 »-
273 4082 314 4129 88.
339 4063 396 4141 τὰς
419 4063 617 4142 ὁλκάδας-
638 4064 670 4141 ἐς
688 4063 797 4130 Ῥόδον
820 4059 1001 4150 παρήνεγκε
1013 4059 1047 4139 ⁸).
1078 4056 1153 4136 584,
1180 4055 1220 4118 14
1244 4055 1299 4118 καὶ
1322 4048 1406 4126 τάδε,

80 4174 118 4238 ὂν
141 4173 339 4261 τηλικοῦτον,
362 4165 418 4236 οἶα
434 4169 597 4257 πάρεργον
613 4171 668 4239 ἐπὶ
684 4181 722 4259 τῇ
739 4171 886 4258 Γράκχου
904 4167 1016 4235 στάσει
1031 4174 1224 4237 συνέπεσεν,
1247 4158 1300 4224 ubi
1316 4157 1407 4222 verba
1513 4196 1515 4201 ·

228 4384 262 4438 oi.
282 4383 313 4437 de
331 4383 450 4437 articulo.

227 4473 261 4527 cf.
280 4472 339 4527 Scb.
358 4489 383 4542 p.
399 4472 456 4527 174.

230 4563 262 4617 ci.
281 4562 314 4616 dc
331 4560 429 4632 ellipsi.
